2900 4678
1377 278 1768 348 ...30-

566 414 1029 494 coerceatque.
1081 401 1170 469 At
1216 400 1270 468 si
1320 424 1481 469 vera
1533 414 1688 467 sunt
1724 396 2109 491 hujusmodi
2153 395 2481 490 pericula,
2519 396 2600 466 id

566 526 752 593 aeque
779 525 1013 568 verum
1047 514 1172 585 est,
1212 523 1454 591 nempe
1483 511 1739 566 naturae
1767 520 2033 565 sensum
2061 520 2182 589 per
2210 520 2279 563 se
2307 521 2593 588 prorsus

564 599 785 666 valere
822 612 901 665 ut
943 595 1457 683 incalescamuS‚
1505 610 1580 665 ut
1627 594 2112 681 illuminemur,
2155 619 2386 663 verum
2434 593 2601 662 inde

568 695 884 790 inspirari
923 699 1149 763 animo
1188 694 1531 781 ardorem,
1574 718 1862 787 eumque
1897 692 2238 762 interdum
2277 693 2347 760 in
2382 691 2599 761 subli-

568 798 813 861 miores
854 818 1045 862 auras
1088 793 1350 886 abripi,
1400 792 1559 860 inde
1599 816 1868 887 quoque
1907 806 1974 859 et
2007 791 2215 884 ipsius
2263 791 2599 881 orationis

564 893 983 961 severitatem
1030 890 1362 960 vividiore
1402 891 1749 983 praesentis
1797 890 1950 959 vitae
2003 913 2200 958 sensu
2246 903 2314 958 et
2348 888 2597 984 spiritu

566 1014 739 1084 saepe
776 989 1161 1084 temperari.

1483 1176 1668 1265 §2-

663 1377 835 1463 Quae
870 1378 1125 1466 omnia,
1171 1379 1295 1447 etsi
1327 1379 1718 1447 hominibus
1753 1379 1988 1446 Tacito
2030 1376 2420 1470 aequalibuS,
2462 1379 2594 1447 mi-

568 1499 694 1543 nus
725 1473 900 1543 clare
939 1476 1376 1569 apparebant,
1407 1492 1632 1545 tamen
1668 1475 1778 1544 ille
1811 1476 2302 1570 praesenticbat.
2324 1476 2594 1544 Etenim

569 1572 747 1639 idem
801 1573 941 1641 fere
986 1574 1165 1668 apud
1212 1600 1411 1661 eum,
1472 1576 1588 1669 qui
1645 1575 1823 1668 apud
1877 1600 2039 1661 nm,
2090 1575 2466 1642 animorum
2525 1588 2596 1641 et

567 1695 793 1738 rerum
849 1671 1271 1765 publicarum
1319 1687 1556 1742 status.
1612 1675 1800 1742 Licet
1843 1672 2103 1767 antiqui
2153 1675 2388 1740 Romae
2433 1672 2596 1740 scri-

567 1782 794 1861 ptores
824 1794 961 1837 non
997 1770 1260 1865 placida
1294 1772 1564 1841 civitate
1597 1786 1663 1839 et
1699 1772 1949 1865 pacatis
1979 1770 2177 1838 rebus
2205 1769 2588 1857 floruerint,

566 1867 939 1960 saepiusque
996 1869 1295 1939 civilium
1356 1868 1690 1938 bellorum
1737 1871 2024 1963 strepitu
2081 1869 2240 1964 ipsae
2290 1868 2594 1962 philoso-

564 1965 859 2058 phorum
904 1981 970 2035 et
1011 1967 1369 2037 doctorum
1416 1968 1605 2037 sedes
1657 1992 1999 2037 concussae
2032 1967 2308 2054 fuerint,
2370 1982 2592 2034 tamen

566 2060 929 2154 plurimum
966 2065 1245 2134 interest
1282 2068 1463 2135 inter
1492 2067 1998 2135 triumvirorum
2034 2065 2585 2158 proscriptioneS,

567 2174 826 2228 atroces
863 2187 1050 2248 sane,
1095 2162 1209 2231 sed
1245 2164 1506 2251 breveS,
1552 2178 1618 2231 et
1667 2162 1936 2257 longam
1971 2162 2155 2231 illam
2189 2158 2427 2232 seriem
2462 2161 2593 2228 im-

566 2272 959 2351 peratorum
1003 2284 1293 2354 quorum
1341 2262 1537 2354 pauci
1579 2261 1891 2349 innocui}
1952 2260 2204 2355 quique
2253 2259 2435 2329 velut
2472 2258 2594 2327 de-

569 2358 842 2425 terrima
889 2360 1093 2452 pestis
1142 2360 1427 2454 publicis
1473 2361 1844 2430 cervicibus
1891 2360 2355 2428 incumbentes
2389 2358 2593 2433 vitio-

568 2479 717 2522 rum
744 2456 1038 2524 fautores
1062 2472 1128 2524 et
1153 2458 1470 2526 omnibus
1495 2458 1859 2527 virtutibus
1886 2457 2154 2544 infensi,
2178 2455 2592 2551 quotidianis

565 2551 833 2645 flagitiis
883 2568 1086 2646 atque
1149 2555 1441 2624 caedibus
1497 2555 1756 2624 Urbem
1812 2554 2197 2648 polluerunt
2269 2555 2590 2623 exhause-

571 2664 889 2743 runtque.
926 2651 1210 2722 Viderat
1271 2652 1381 2721 ille
1440 2653 1584 2723 haec
1646 2656 1874 2722 omnia
1937 2680 1951 2722 :
2016 2654 2278 2722 viderat
2322 2666 2596 2747 pertur-

568 2746 754 2816 batas
807 2773 911 2817 res
963 2748 1262 2842 publicas
1311 2767 1379 2820 et
1408 2754 1729 2845 -privatas
1758 2756 1813 2839 ¹3
1848 2751 2146 2840 viderat,
2204 2766 2280 2819 ut
2328 2765 2598 2818 nostra-

572 2859 667 2912 tes
698 2848 754 2934 ¹,
806 2844 1239 2917 inclinantem
1297 2848 1437 2943 jam
1492 2851 1774 2919 deorum
1813 2849 2060 2938 fidem,
2119 2848 2474 2944 religiones
2517 2872 2597 2917 ac

640 3068 658 3100 ¹
701 3089 727 3122 «
755 3069 903 3140 Opus
922 3070 1198 3141 aggredior
1216 3070 1456 3141 opimum
1473 3071 1697 3138 casibuS,
1713 3085 1862 3125 atrox
1877 3070 2092 3142 proeliis,
2111 3070 2309 3123 discors
2333 3067 2599 3121 seditioni-

566 3138 683 3204 bus,
704 3141 818 3213 ipsa
841 3143 995 3194 etiarn
1010 3161 1139 3214 pace
1165 3162 1377 3197 saevum.
1404 3145 1648 3210 Quatuor
1669 3145 1932 3215 principes
1951 3144 2091 3197 ferro
2107 3141 2597 3213 interempti.Trina

566 3211 704 3267 bella
725 3213 918 3280 civilia,
938 3216 1092 3286 plura
1118 3230 1330 3269 externa
1353 3236 1413 3268 ac
1430 3218 1741 3287 plerumque
1769 3217 2027 3288 permixta
2039 3252 2585 3268 ......

567 3353 600 3403 J
602 3371 686 3405 am
702 3372 827 3406 vero
846 3356 997 3409 Italia
1012 3357 1162 3412 novis
1185 3358 1422 3411 cladibus
1439 3361 1523 3412 vel
1538 3369 1658 3430 post
1674 3360 1887 3428 longam
1909 3359 2220 3410 saeculorum
2231 3356 2417 3408 seriem
2440 3372 2596 3425 repe-

563 3424 670 3476 titis
682 3464 1119 3483 .....
1149 3463 1155 3469 -
1212 3467 1759 3485 ......
1800 3431 2012 3500 pollutae
2036 3428 2380 3492 caeremoniae,
2408 3444 2599 3496 magna

569 3495 850 3561 adulteria3
878 3500 1096 3568 plenum
1113 3500 1302 3552 exsiliis
1319 3519 1464 3552 mare
1475 3540 2123 3555 .......
2157 3500 2421 3563 nobilitaS,
2447 3517 2596 3568 opes,

568 3568 742 3620 omissi
757 3570 986 3639 gestique
1008 3572 1235 3622 honores
1257 3590 1359 3641 pro
1371 3572 1591 3624 crimine
1613 3586 1664 3625 et
1678 3573 1747 3623 ob
1762 3572 1976 3623 virtutes
1994 3573 2336 3624 certissimum
2356 3570 2594 3637 exitium,

569 3657 667 3691 nec
690 3641 863 3692 minus
899 3642 1115 3711 praemia
1142 3642 1437 3696 delatorum
1473 3644 1639 3697 invisa
1662 3662 1820 3714 quam
1846 3645 2072 3711 scelera3
2113 3662 2278 3713 quum
2308 3640 2395 3695 alii
2427 3659 2595 3693 sacer-

570 3709 717 3763 dotia
740 3723 791 3765 et
819 3714 1118 3766 consulatus
1155 3728 1214 3767 ut
1234 3716 1402 3785 spolia
1424 3713 1632 3786 adepti,
1668 3716 2067 3787 procurationes
2087 3717 2178 3769 alii
2218 3729 2267 3767 et
2289 3714 2596 3767 interiorem

569 3783 882 3851 potentiam,
903 3799 1137 3855 agerent,
1154 3787 1348 3838 ferrent
1363 3800 1574 3854 cuncta,
1589 3788 1716 3841 odio
1742 3801 1792 3839 et
1813 3800 2016 3840 terrore
2026 3789 2260 3857 corrupti
2275 3787 2329 3838 in
2350 3785 2599 3837 dominos

570 3854 724 3920 servi,
752 3855 808 3905 in
833 3868 1086 3925 patronos
1121 3858 1317 3923 liberti,
1361 3871 1411 3910 et
1432 3860 1623 3928 quibus
1645 3859 1825 3912 deerat
1845 3860 2110 3926 inimicus,
2138 3878 2234 3930 per
2271 3859 2467 3912 amicos
2491 3875 2595 3928 op·-

572 3924 755 4023 pressi.
787 3941 816 3974 ιο
854 3926 1060 3997 (Hister.
1089 3928 1181 3983 lib.
1210 3931 1257 3994 Ι,
1285 3948 1333 3985 e.
1360 3930 1444 4001 Π.)

947 4047 1210 4111 6h1⁰sur⁶toui
1228 4049 1331 4112 dni-n·
1347 4083 1412 4112 ces
1425 4049 1542 4124 {ouri
1559 4049 1614 4113 nii
1632 4047 1722 4114 wint
1736 4049 1822 4113 s;en
1838 4049 1891 4113 im
1910 4050 2102 4114 {milani
