2900 4678
1263 350 1355 360 .-.
1411 312 1455 377 9
1510 348 1602 359 ,-

507 430 775 499 Tacitus
814 444 1036 498 autem
1075 444 1317 498 natura
1354 429 1646 497 ferocior
1678 440 1744 495 et
1793 423 2029 519 procul
2063 425 2275 493 dubio
2315 451 2427 493 ve-

414 526 641 594 nando
700 528 1053 618 praestans²
1120 525 1347 595 forsan
1420 524 1714 593 Plinium
1775 523 2085 592 hortatus
2138 537 2280 591 erat
2357 538 2434 591 ut

414 639 776 692 conaretur
833 624 1261 692 venationem
1323 648 1478 691 cum
1547 621 1791 690 studiis
1836 621 2279 712 conjungere,
2345 619 2431 687 ad

415 719 601 812 quod
635 721 729 789 sic
755 719 1120 812 respondet
1147 718 1404 787 Plinius
1434 718 1482 787 l.
1508 722 1601 804 X,
1631 743 1740 786 ix.
1772 746 1806 782 «
1832 719 2053 809 Cupio
2082 717 2433 808 praeceptis

415 817 548 884 tuis
570 841 834 909 parere,
864 816 980 884 sed
1001 840 1321 908 aprorum
1345 832 1529 884 tanta
1559 815 1840 908 penuria
1860 828 1987 899 est,
2014 828 2084 881 ut
2111 815 2435 899 Minervae

414 928 483 981 et
526 914 791 999 Dianae,
843 938 1009 1005 quas
1056 913 1150 980 ais
1200 914 1457 1007 pariter
1502 910 1843 999 colendas,
1883 910 2244 978 convenire
2297 934 2434 977 non

415 1011 664 1102 possit3
692 1010 918 1100 itaque
945 1010 1269 1077 Minervae
1303 1025 1565 1078 tantum
1591 1007 2016 1075 serviendum
2047 1020 2237 1072 est.»

516 1108 677 1175 Haec
700 1106 974 1197 quidem
1000 1105 1205 1177 verba
1222 1110 1458 1199 itaque
1482 1107 1594 1172 M
1566 1120 1818 1172 mervae
1845 1118 2124 1172 tantum
2139 1125 2438 1170 servien-

322 1238 329 1244 ›
398 1200 590 1270 ‘dum
619 1215 726 1269 est
749 1200 949 1293 plane
976 1225 1130 1268 cum
1166 1199 1282 1267 illo
1308 1199 1643 1268 Martialis
1678 1224 1874 1268 versu
1909 1199 2343 1279 consentiunt

741 1376 910 1430 Totos
938 1372 1035 1430 dat
1062 1373 1272 1430 tetricae
1300 1374 1421 1432 dies
1452 1374 1745 1431 Minervae.

420 1533 582 1599 Post
628 1531 804 1599 hanc
849 1531 1201 1625 epistolam
1251 1535 1671 1627 inexpectata
1709 1558 1867 1602 sane
1915 1532 2038 1601 ista
2074 1531 2283 1601 altera
2315 1534 2442 1601 Ta·

422 1629 559 1713 cito
594 1631 980 1721 supervenit
1014 1628 1060 1696 l.
1097 1631 1156 1717 I,
1190 1654 1263 1698 Vl
1299 1656 1314 1697 ε

523 1753 557 1791 «
576 1725 853 1793 Ridebis
870 1724 1099 1794 etlicet
1112 1726 1351 1794 rideas.
1370 1729 1516 1820 Ego
1536 1724 1647 1795 ille
1668 1751 1864 1819 quem
1890 1726 2063 1794 nosti
2083 1725 2190 1819 (ut
2208 1724 2446 1820 gallice*

419 1837 785 1907 vertamuS,
808 1846 996 1916 pour
1016 1847 1112 1890 lm
1129 1823 1764 1917 paavrechassem)
1785 1849 1983 1915 apros
2000 1837 2161 1910 tres,
2191 1838 2257 1891 et
2286 1822 2438 1916 qui-

422 1918 577 1986 dem
623 1918 1141 2013 pulcherrimOS‚
1173 1920 1347 2012 cepi.
1385 1919 1634 2017 Ipse?
1620 1921 1905 2013 inquies.
1941 1924 2115 2013 Ipse.
2151 1921 2305 1989 Non
2340 1935 2441 1988 ta·

422 2040 580 2083 men
615 2031 690 2083 ut
730 2016 1013 2083 omnino
1061 2017 1146 2084 ab
1189 2018 1432 2086 inertia
1486 2042 1632 2085 mea
1671 2017 2116 2104 discederem3
2149 2016 2239 2084 ad
2277 2015 2442 2085 retia
2538 2028 2547 2035 '

425 2112 737 2180 sedebam
762 2165 780 2198 ‚
842 2122 997 2181 etc
957 2164 2435 2184 ...................

430 2264 444 2277 .
465 2262 478 2277 .
497 2263 510 2278 .
529 2261 545 2277 .
574 2210 954 2303 Experieris
980 2234 1119 2278 non
1149 2212 1436 2279 Dianam
1470 2212 1677 2304 magis
1706 2210 2050 2279 montibus
2080 2235 2278 2302 quam
2308 2211 2442 2277 Mi-

427 2328 702 2376 nervam
724 2307 1114 2376 inerrare.»
1138 2308 1307 2376 Inde
1323 2306 1547 2403 colligi
1572 2324 1791 2400 potest
1802 2310 2108 2377 Tacitum
2131 2332 2284 2375 eum
2305 2332 2443 2375 esse

424 2401 771 2473 hortatum
821 2421 897 2473 ut
943 2405 1286 2472 Dianam
1272 2432 1341 2472 in
1385 2405 1731 2474 montibus
1777 2419 2145 2499 quaereret3
2185 2403 2443 2472 Plinius

426 2517 648 2570 autem
684 2501 810 2587 sibi
858 2517 1170 2571 constans
1204 2502 1581 2572 Minervam
1620 2529 1843 2572 secum
1883 2501 2275 2579 adduxerat
2314 2505 2367 2570 C
2371 2527 2441 2570 e-

430 2613 647 2667 terum
688 2597 851 2667 alibi
878 2600 1080 2667 etiam
1116 2599 1199 2668 de
1228 2625 1408 2669 novo
1428 2600 1719 2669 venandi
1752 2600 1868 2668 illo
1893 2624 2136 2693 genere
2162 2601 2447 2667 mentio-

431 2720 585 2763 nem
603 2695 799 2765 facit:
833 2699 1125 2764 «Venor
1153 2696 1543 2791 aliquando,
1585 2696 1697 2766 sed
1737 2723 1872 2766 non
1909 2698 2053 2765 sine
2088 2694 2444 2789 pugillari-

418 2791 579 2878 bus,
619 2808 720 2881 ut,
762 2794 1063 2887 quamvis
1093 2793 1261 2862 nihil
1287 2799 1608 2888 ceperim,
1647 2820 1783 2863 non
1819 2793 1989 2862 nihil
2027 2792 2312 2861 referam
2332 2795 2373 2860 ².
2406 2821 2440 2856 υ

430 2887 445 2904 ”
527 2891 685 2958 Duo
735 2905 953 2958 autem
1006 2889 1119 2959 illa
1168 2893 1554 2960 testimonia
1604 2917 1742 2961 non
1794 2892 1947 2959 ideo
2014 2890 2444 2958 infirmantur

430 2987 586 3078 quia
643 2986 937 3055 Plinium
991 2987 1191 3057 fuisse
1243 2989 1648 3058 indefessum
1695 3004 2081 3058 venatorem
2122 3012 2199 3052 ex
2248 2986 2444 3054 variis

432 3082 640 3175 ipsius
674 3083 971 3176 epistolis
1020 3102 1329 3154 constare
1364 3086 1710 3154 credunt⁸.
1764 3089 1983 3152 Immo
2029 3084 2143 3150 has
2189 3097 2448 3151 attente

431 3177 801 3273 perlegenti
842 3181 997 3249 satis
1027 3183 1377 3277 apparebit
1416 3185 1588 3251 votis
1632 3184 1856 3290 potius
1889 3205 2089 3272 quam
2134 3204 2206 3246 re
2241 3204 2442 3246 vena-

430 3290 576 3345 tum
612 3302 751 3346 esse
795 3277 1117 3366 Plinium,
1174 3298 1239 3350 et
1280 3306 1359 3348 eo
1400 3279 1610 3372 magis
1653 3279 1937 3370 cupiisse
1980 3275 2162 3368 quod
2228 3276 2446 3346 minus

428 3390 738 3467 expeitus
783 3390 983 3463 esset,
1024 3392 1259 3471 utpote
1297 3376 1525 3445 multis
1579 3374 2130 3468 occupationibus
2177 3397 2448 3468 semper

426 3470 831 3543 districtus.
1572 3495 1584 3505 ⁴

503 3679 516 3704 ¹
557 3678 633 3730 Ex
654 3680 737 3732 his
766 3690 1002 3731 ceterum
1026 3683 1425 3762 verbisproinde
1455 3702 1594 3754 quum
1626 3683 1873 3745 venabere,
1908 3683 1998 3735 lib.
2039 3684 2085 3744 Ι,
2124 3698 2203 3743 v1,
2232 3696 2448 3748 prorsus

425 3747 585 3816 liquet
609 3765 855 3801 venatum
873 3768 1000 3815 esse,
1028 3772 1135 3802 imo
1157 3755 1420 3805 venationi
1439 3773 1546 3804 esse
1565 3752 1800 3804 deditum
1822 3722 2086 3812 T'acitum,
2111 3751 2274 3800 multo
2299 3763 2443 3801 ante-

423 3838 581 3887 quam
608 3819 717 3871 hoec
740 3821 988 3873 scriberet
1014 3823 1211 3874 Plinius
1230 3844 1348 3875 eum
1375 3822 1441 3875 ad
1471 3822 1768 3875 venandum
1794 3823 2077 3872 hortantia.

497 3891 520 3920 ⁸
556 3896 652 3960 Ep.
682 3893 717 3941 1.
748 3892 846 3953 IX,
876 3910 1053 3945 xxxv1.

495 3961 627 4024 ⁸.11‚
650 3981 776 4024 v111;
802 3963 871 4023 V,
900 3980 983 4026 v1;
1012 3964 1115 4026 IX,
1146 3983 1258 4025 xw,
1291 3967 1447 4033 Epist.

496 4031 517 4060 ⁴
559 4053 581 4081 α
601 4033 821 4086 Studes?
853 4052 921 4084 an
959 4035 1204 4101 piscaris?
1232 4054 1293 4086 an
1327 4034 1559 4083 venaris?
1585 4053 1649 4084 an
1677 4032 1830 4082 simul
1856 4032 2068 4082 omnia?
2149 4072 2160 4081 .
2245 4068 2253 4076 .
2337 4064 2348 4076 ·
2431 4065 2439 4073 ·
