2900 4678
465 386 668 457 Dolet
704 413 946 482 nempe
989 387 1275 484 aequales
1316 410 1472 458 suos
1524 388 1848 457 orationis
1894 416 2118 461 casum
2170 409 2388 464 matu-

364 510 543 570 rare,
582 486 852 581 ingenia
894 511 1036 556 non
1082 483 1480 574 excolendo,
1535 511 1753 580 neque
1795 488 1954 558 satis
1993 491 2391 583 quotidiana

363 583 806 654 meditatione
839 586 1245 656 exercendO.
1303 585 1572 656 «Nunc
1612 584 1821 674 enim,
1863 585 2113 680 inquit,
2162 590 2386 659 necin

362 681 750 755 auctoribus
795 682 1307 778 cognoscendiS,
1359 707 1485 753 nec
1534 679 1903 754 evolvenda
1951 680 2380 780 antiquitate,

364 803 487 848 nec
524 780 592 849 in
627 780 873 851 notitia
895 778 1001 850 vel
1038 806 1267 851 rerum
1300 779 1405 850 vel
1448 780 1804 850 hominum
1844 780 2002 851 satis
2031 807 2255 877 operae
2283 785 2387 854 in-

296 922 315 939 .
360 877 712 947 sumitur¹.
745 904 780 944 »
818 881 1049 972 Neque
1079 880 1147 948 id
1184 901 1576 975 perperam;
1605 879 1896 974 quippe,
1925 878 2388 952 fatiscentibus

360 972 630 1063 litteris,
656 973 793 1045 duo
817 973 929 1045 illa
954 990 1320 1047 occurrunt
1343 976 1774 1046 incommoda
1804 1000 1992 1072 aeque
2017 976 2389 1073 disciplinis

359 1095 437 1141 ac
465 1071 664 1143 bonis
698 1073 954 1144 artibus
994 1074 1387 1170 importuna
1418 1099 1434 1143 :
1471 1088 1586 1142 aut
1626 1072 1933 1143 auctores
1972 1076 2235 1170 antiqui
2280 1101 2383 1145 as-

357 1168 592 1259 sidua,
632 1185 959 1266 perpetua
996 1170 1509 1242 conversatione
1547 1170 1735 1264 quasi
1782 1173 2175 1244 memoriter
2205 1173 2385 1243 edis-

356 1281 611 1337 cuntur
652 1283 720 1337 et
756 1292 835 1338 ea
868 1269 1315 1338 admiratione
1350 1267 1649 1361 imperiti
1684 1293 2095 1339 successores
2137 1271 2381 1366 magis·

357 1379 502 1434 tros
558 1363 708 1435 illos
768 1391 923 1435 suos
978 1379 1489 1462 prosequuntur
1512 1416 1530 1453 ,
1595 1390 1676 1434 eo
1709 1364 2056 1437 'humilius
2100 1369 2382 1466 vestigia

354 1487 595 1532 eorum
627 1460 941 1539 adorant
957 1480 1026 1535 et
1053 1464 1374 1534 insistunt
1406 1463 1786 1558 praeceptiS,
1824 1479 1901 1534 ut
1939 1463 2228 1534 imitatio
2262 1466 2383 1536 fiat

355 1561 581 1631 minus
625 1586 827 1656 quam
859 1561 995 1632 fida
1038 1560 1370 1658 propositi
1425 1560 1714 1655 exempli
1748 1562 1968 1657 imago
1991 1615 2013 1652 ,
2064 1576 2141 1632 ut
2178 1562 2381 1634 etiam

354 1659 634 1730 mendas
685 1675 766 1733 et,
795 1658 1149 1756 quodlibet
1194 1658 1376 1756 apud
1422 1682 1537 1729 eos
1574 1658 2043 1755 imperfectum
2089 1657 2221 1730 sit’
2249 1660 2379 1730 sibi

353 1757 789 1852 adjudicent3
835 1774 952 1828 aut
995 1755 1196 1854 longe
1229 1756 1761 1851 aliam.ingressi
1806 1757 2023 1846 viam,
2064 1756 2378 1853 magiste-

354 1856 535 1925 rium
571 1854 738 1925 illud
776 1870 1251 1953 aspernantur,
1300 1854 1745 1925 necessarium
1781 1853 1948 1926 illud
1984 1855 2377 1927 tirocinium

349 1950 538 2024 velut
570 1953 929 2027 molestum
963 1979 1136 2026 onus
1168 1953 1517 2025 excutiunt
1546 1967 1614 2022 et
1646 1966 1947 2022 veterum
1977 1978 2186 2047 opera
2215 1977 2378 2048 prae-

348 2053 643 2122 sentium
689 2077 972 2147 operum
1012 2052 1208 2148 nugis
1241 2048 1674 2146 posthabent.
1715 2050 1883 2120 Inde
1917 2050 1996 2119 fit
2029 2065 2130 2139 ut,
2181 2051 2374 2146 igno-

350 2150 573 2219 rantia
604 2174 842 2220 eorum
876 2175 1024 2245 quae
1049 2149 1190 2245 jam
1223 2150 1475 2244 scripta
1516 2162 1672 2217 sunt
1693 2199 1714 2237 ,
1758 2148 1900 2244 jam
1932 2163 2219 2219 tractata
2265 2173 2372 2217 re-

348 2262 686 2337 tractent,
746 2263 814 2317 et
867 2273 1151 2344 semper
1185 2248 1344 2319 novi
1402 2245 1773 2342 quidquam
1829 2262 2037 2317 semet
2097 2247 2374 2343 gignere

345 2346 794 2417 arbitrentur.

447 2448 713 2515 Horum
748 2443 1039 2515 duorum
1077 2440 1668 2513 incommodorum
1706 2437 1901 2530 solet,
1950 2440 2133 2535 quod
2182 2442 2371 2536 prius

346 2544 762 2632 memoravi,
806 2543 994 2637 prius
1030 2566 1262 2635 reapse
1293 2538 1715 2634 deprehendi
1748 2565 1764 2609 ε
1805 2538 1984 2633 apud
2021 2541 2371 2609 Romanos
2456 2538 2466 2546 ’

347 2640 622 2735 quidem
662 2656 1023 2735 utrumque
1055 2636 1254 2709 simul
1290 2637 1535 2708 litteris
1563 2636 1830 2725 offecit,
1872 2635 1954 2705 ad
1993 2652 2366 2727 extremum

346 2763 510 2808 vero
545 2737 801 2810 servilis
837 2739 1180 2808 dominata
1215 2750 1314 2807 est
1346 2751 1649 2805 veterum
1688 2734 2005 2814 imitati0.

447 2836 646 2931 Apud
676 2863 799 2906 nos
828 2853 1054 2907 autem
1089 2861 1296 2930 quum
1337 2835 1625 2905 refracta
1659 2847 1841 2922 sunt,
1869 2833 2222 2928 sexaginta·
2246 2832 2367 2900 ab·

347 2934 512 3003 hinc
538 2936 757 3024 annis,
801 2936 919 3005 diu
954 2958 1336 3028 compressa
1365 2934 1749 3001 animorum
1774 2930 2063 3018 vincula,
2123 2955 2369 3023 quum-

347 3058 479 3127 que
529 3034 853 3127 praeteriti
901 3034 1225 3127 temporis
1274 3032 1582 3100 instituta
1633 3044 1701 3097 et
1748 3052 1969 3096 mores
2021 3027 2370 3119 increpare

344 3146 414 3199 et
444 3132 769 3200 infamare
811 3131 893 3200 in-
921 3128 1476 3201 consuetudinem
1514 3127 1815 3196 vertisset
1858 3124 2005 3217 (res
2048 3147 2205 3192 sane
2241 3123 2371 3192 mi·

347 3228 621 3323 randa),
665 3244 967 3300 veterum
1017 3227 1397 3298 litterarum
1439 3222 1795 3317 disciplina
1848 3220 1988 3291 sola
2040 3222 2220 3289 inter
2269 3233 2373 3289 tot

346 3326 593 3396 rudera
652 3327 835 3395 stetit
904 3328 1195 3414 intacta,
1264 3325 1402 3391 imo
1427 3376 1446 3410 ,
1511 3319 1754 3390 stolida
1820 3334 1887 3388 et
1961 3332 2371 3412 praepostera

239 3483 243 3487 .
343 3424 596 3518 prioris
641 3423 863 3493 saeculi
903 3422 1276 3494 reverentia
1318 3418 1625 3516 quaedam
1667 3432 1897 3486 exorta
1935 3432 2069 3504 est,
2120 3417 2213 3485 ita
2244 3431 2321 3485 ut
2346 3468 2365 3504 ,

344 3538 670 3616 regnante
722 3519 1151 3616 Napoleone,
1206 3518 1566 3613 tragoedias
1618 3515 1990 3586 scriberent
2046 3512 2372 3583 Ludovici

341 3621 817 3716 quartidecimi
872 3620 1082 3689 aetatis
1140 3619 1395 3704 more³,
1455 3641 1589 3683 non
1644 3612 1849 3684 modo
1903 3612 2374 3705 antiquitatem

421 3903 434 3930 ⁸
472 3899 678 3969 Dialog.
704 3918 755 3951 c.
783 3917 908 3958 xxx.

433 3973 455 4002 ²
476 3971 636 4025 Conf.
665 3969 849 4023 Senec.
875 3970 1034 4041 Epist.
1054 3986 1196 4020 cxiv.

422 4044 442 4073 ⁸
477 4042 636 4096 Conf.
666 4041 741 4094 La
768 4040 970 4110 Harpe,
1014 4033 1743 4103 Theatra-Marie-Joseph
1766 4032 2015 4101 Chenier,
2053 4033 2277 4088 The'dtre.
2303 4059 2372 4072 —
