2900 4678
1355 252 1764 356 -4-..’

519 422 697 478 stant
718 407 982 479 codices
1003 378 1444 502 manuscripti
1467 422 1821 497 testantur,
1846 432 2148 503 quosque
2169 408 2532 505 diligenter

515 503 863 573 Schulzius
910 506 1373 592 enumeravit,
1423 505 1560 574 imo
1595 521 1661 574 et
1701 506 1746 574 ii
1790 531 1960 599 quos
1995 505 2346 578 Schiilzius
2390 536 2531 580 non

517 602 744 689 novit,
802 602 1140 672 Parisinus
1185 601 1437 672 scilicet
1496 603 1724 695 isque,
1776 628 1973 697 quem
2022 605 2252 698 paucis
2285 607 2534 677 abhinc

510 698 711 768 annis
745 699 816 766 in
851 699 1164 768 Leidensi
1203 699 1613 769 bibliotheca
1647 717 2053 770 asservatum
2089 702 2345 772 detexit
2375 704 2531 773 edi-

507 796 746 889 ditque
786 797 1154 866 Trossius¹.
1206 797 1328 865 His
1378 796 1561 865 enim
1613 821 1694 866 eo
1741 798 1957 889 major
1996 794 2172 867 fides
2203 815 2304 869 est
2336 801 2530 869 adhi-

512 893 732 961 benda
778 894 961 987 quod
1008 918 1148 964 non
1191 893 1325 980 ibi,
1379 908 1457 962 ut
1498 894 1569 962 in
1613 892 1763 963 aliis
1805 895 2125 965 omnibus
2177 921 2387 991 usque
2435 899 2523 967 ad

510 990 693 1061 hunc
732 990 913 1061 diem
959 991 1174 1072 notiS‚
1220 989 1563 1087 Dialogus
1607 989 1694 1059 de
1727 990 2122 1062 oratoribus
2163 994 2247 1061 ad
2276 993 2525 1065 calcem

507 1104 888 1156 ceterorum
920 1089 1132 1157 Taciti
1173 1104 1458 1181 operum
1502 1087 1844 1178 adjicitur,
1895 1089 2079 1182 quod
2127 1090 2307 1159 forte
2354 1094 2527 1162 acci-

502 1184 680 1254 disse
716 1185 900 1255 credi
955 1200 1215 1276 posset,
1264 1185 1380 1255 sed
1428 1185 1501 1252 in
1556 1185 1703 1278 ipso
1747 1185 2016 1281 Dialogi
2065 1185 2263 1256 titulo
2309 1190 2521 1258 Taciti

509 1306 769 1349 nomen
792 1281 1225 1374 praeferunt'.

602 1378 792 1446 Idem
837 1376 1211 1463 SchulziuS,
1251 1402 1326 1445 ac
1370 1378 1656 1446 maxime
1709 1347 2070 1471 DupraeuS,
2121 1406 2519 1474 magnorum

503 1474 969 1568 exemplorum
1002 1475 1200 1568 copia
1230 1474 1438 1543 fusius
1473 1474 2021 1544 demonstravere
2058 1476 2328 1571 Dialogi
2369 1505 2522 1565 ora-

504 1573 758 1641 tionem
798 1571 991 1641 valde
1032 1597 1185 1640 cum
1223 1589 1605 1640 ceterorum
1637 1573 1850 1639 Taciti
1894 1597 2176 1666 operum
2211 1576 2518 1646 oratione

497 1670 904 1756 consentire,
957 1669 1235 1756 nedum,
1266 1685 1342 1736 ut
1375 1669 1779 1762 quibusdam
1813 1668 2091 1762 placuit,
2144 1670 2256 1740 illa
2294 1672 2381 1741 ab
2422 1672 2512 1742 al-

502 1784 646 1836 tera
678 1765 1050 1859 discrepet3
1104 1725 1375 1860 utrique
1426 1791 1550 1834 nos
1598 1766 2001 1853 accedimuS‚
2050 1769 2385 1863 variisque
2431 1771 2517 1838 ab

502 1864 607 1932 his
657 1863 960 1935 collectis
1014 1863 1366 1957 exemplis,
1432 1865 1614 1951 haec,
1684 1889 1833 1957 quae
1897 1864 2257 1957 diligenter
2305 1867 2519 1937 Taciti

498 1985 709 2055 opera
734 1960 1256 2055 perlegentibuS‚
1299 1962 1495 2030 nobis
1529 1986 1910 2048 occurrere,
1950 1962 2416 2056 adjungimus:

442 2128 445 2129 ι
597 2057 797 2128 Βίαί.
830 2084 890 2127 c.
924 2083 1145 2127 xxm.
1181 2059 1414 2128 Infans
1447 2057 1801 2154 delegatas·
1831 2058 2136 2151 graeculae
2168 2057 2364 2128 alicui
2398 2086 2519 2129 an-

496 2153 690 2224 cillae.
728 2159 811 2223 In
849 2160 1187 2225 German.
1226 2181 1286 2224 c.
1311 2181 1436 2223 xx.
1465 2168 1586 2224 nec
1615 2154 1875 2224 ancillis
1899 2180 1976 2224 ac
2007 2156 2384 2226 nutricibus
2407 2156 2519 2226 de-

501 2250 826 2350 legantur
852 2253 1069 2346 pueri.
1119 2293 1215 2306 --
1254 2251 1793 2321 Dial.c.xxx1:
1830 2251 2245 2323 intellectum
2279 2279 2516 2323 eorum

499 2376 649 2442 quae
697 2376 915 2442 neque
948 2351 1018 2429 in
1053 2351 1416 2420 virtutibus
1444 2374 1663 2444 neque
1705 2351 1776 2417 in
1809 2350 1989 2419 vitiis
2020 2367 2512 2422 numerantur.

501 2450 687 2517 Hist.
751 2448 872 2516 lib.
919 2450 1044 2534 IV,
1101 2473 1173 2537 c.
1216 2472 1263 2514 v
1317 2474 1331 2514 ε
1392 2463 1747 2539 ceteraque
1812 2463 1996 2515 extra
2041 2450 2342 2518 animum
2398 2475 2517 2518 ne·

499 2569 631 2635 que
659 2545 855 2612 bonis
897 2569 1115 2637 neque
1156 2542 1348 2616 malis
1379 2543 1887 2637 {annumerena
1928 2585 2028 2599 --
2062 2546 2257 2616 Dial.
2300 2572 2359 2614 c.
2417 2571 2441 2614 1
2492 2573 2507 2615 ε

498 2641 661 2709 dum
692 2640 1005 2727 fonmam
1055 2643 1156 2711 sui
1206 2641 1490 2753 quisque
1523 2643 1755 2710 animi
1783 2659 1850 2709 et
1883 2642 2136 2744 ingenii
2170 2643 2508 2712 redderet.

488 2740 741 2834 Agrlc.
766 2763 977 2808 XLVI.
1004 2753 1089 2807 ut
1106 2741 1337 2807 omnia
1369 2739 1543 2807 facta
1562 2739 1884 2851 ‘dictaque
1913 2764 2138 2808 secum
2168 2739 2517 2810 revolvant

488 2834 942 2931 formamque
973 2836 1392 2933 acfigurczm
1443 2837 1675 2905 ani‘ml
1716 2835 1924 2929 magis
1960 2862 2162 2928 quam
2206 2838 2514 2931 corporis

496 2932 1058 3025 complectantur.
1101 2973 1202 2987 —--
1235 2938 1398 3003 Βίαι
1360 2934 1430 3002 l.
1472 2959 1530 3001 c
1564 2956 1747 3001 x111:
1775 2933 1892 3023 qui
1921 2948 2311 3003 nostrorum
2337 2950 2515 3002 tem-

499 3056 744 3123 porum
774 3030 1236 3143 eloquentiam
1286 3032 1723 3123 antiquorum
1778 3030 2063 3123 ingeniis
2122 3031 2507 3100 anteferret.

450 3130 736 3223 'Agrea
782 3155 842 3198 c.
897 3154 1016 3197 xm
1064 3154 1080 3195 ε
1137 3129 1277 3221 jam
1334 3154 1495 3198 vero
1540 3128 1924 3221 principum
1988 3126 2163 3196 filios
2215 3123 2513 3196 liberali-

436 3271 443 3280 ·
493 3225 619 3294 hus
664 3226 939 3294 erudire
985 3226 1242 3294 artibus
1295 3242 1360 3294 et
1418 3226 1688 3318 ingenia
1735 3225 2215 3294 Britannorum
2276 3224 2517 3293 studiis

440 3397 441 3400 Ἴ
496 3320 848 3391 Gallorum
884 3320 1264 3415 anteferre.
1293 3364 1393 3378 --·
1421 3322 1621 3391 Dial.
1662 3347 1722 3390 c.
1769 3345 1824 3390 11
1858 3348 1874 3389 :
1915 3346 2070 3389 nam
2102 3336 2169 3389 ct
2202 3321 2514 3391 Secundo

494 3444 706 3512 purus
749 3436 816 3488 et
861 3444 1125 3512 pressus
1166 3434 1233 3488 et
1267 3422 1343 3489 in
1383 3418 1739 3515 'quantum
1782 3419 1940 3487 satis
1986 3434 2132 3488 erat
2168 3418 2517 3513 profluens

495 3541 715 3586 sermo
751 3540 891 3584 non
930 3515 1168 3585 defuit.
1220 3522 1412 3584 Ann.
1460 3515 1580 3583 lib.
1620 3517 1821 3602 XIII,
1861 3540 1922 3583 c.
1964 3540 2082 3584 mv
2118 3542 2133 3583 ε
2176 3518 2251 3585 in
2290 3539 2517 3613 quan-

571 3751 585 3778 ¹
628 3748 948 3810 Hammone,
982 3748 1136 3796 1841.
1300 3627 1492 3706 υ
2403 3757 2407 3761 ·
2538 3701 2758 3789 §mx

561 3820 583 3848 ²
621 3818 682 3871 C.
712 3819 772 3869 C.
823 3816 996 3868 Taciti
1036 3818 1316 3869 Germania.
1358 3822 1643 3869 *Accessere
1676 3815 1910 3886 ejusdem
1953 3815 2013 3865 de
2044 3822 2187 3872 Orat.
2214 3816 2442 3887 dialogus
2466 3831 2519 3869 et

490 3888 769 3942 Suetonius
786 3888 846 3937 de
867 3894 916 3935 V
913 3890 999 3937 Iris
1014 3887 1301 3939 illustn'bus.
1316 3887 1509 3954 Scribit
1524 3906 1714 3957 nempe
1729 3887 1970 3939 Trossius
1986 3888 2146 3940 :Sunt
2162 3888 2287 3939 folia
2303 3907 2369 3939 Lx
2383 3906 2518 3956 quo-

487 3978 608 4011 rum
625 3958 835 4026 triginta
848 3959 1025 4026 priora
1037 3958 1294 4026 Dialogum
1314 3958 1375 4008 de
1388 3958 1681 4022 oratoribus,
1696 3977 1804 4010 xvn
1821 3958 2062 4027 proxima
2076 3961 2401 4023 Germaniam,
2413 3972 2513 4012 etc.

487 4030 785 4098 continent.
811 4030 891 4097 (In
918 4030 1140 4097 praefat.)
