2900 4678
1144 293 1535 363 ...27-

339 441 521 504 rem,
567 438 701 509 qua
737 412 1103 506 jucundius
1132 430 1201 483 et
1246 414 1536 484 vividius
1567 413 2014 484 detineamur.
2056 440 2091 490 (ς
2110 414 2351 483 Oratio

338 515 550 602 enim,
578 513 826 607 inquit,
851 512 1023 583 sicut
1049 536 1302 606 corpus
1321 514 1645 601 hominiS‚
1672 538 1748 581 ea
1767 512 2036 582 demum
2074 509 2353 605 pulchra

338 628 440 681 est
473 613 544 679 in
580 636 712 705 qua
748 636 891 681 non
921 612 1222 680 eminent
1256 635 1478 701 venae,
1521 635 1642 680 nec
1685 636 1835 680 ossa
1878 622 2347 697 numerantur,

336 709 456 779 sed
497 723 905 804 temperatus
948 733 1023 779 ac
1066 710 1284 778 bonus
1333 711 1602 804 sanguis
1653 707 1887 803 implet
1936 708 2239 777 membra
2287 722 2356 776 et

335 808 630 902 exsurgit
666 809 860 895 toriS‚
908 808 1223 902 ipsosq'ue
1272 833 1514 881 nervos
1560 807 1774 877 rubor
1816 807 1980 901 tegit
2030 821 2098 874 et
2150 805 2356 876 decor

336 905 826 975 commendat¹.
873 932 909 970 υ

435 1004 643 1091 Quod*
692 1004 775 1071 ad
826 1028 952 1097 nos
1000 1001 1216 1097 (absit
1249 1004 1472 1072 verbis
1509 1001 1832 1096 invidia),
1883 999 2128 1071 coloris
2173 998 2356 1069 illam

336 1101 675 1194 inopiam,
715 1102 1015 1171 maciem
1057 1116 1124 1169 et
1160 1099 1524 1197 jejunium
1547 1106 1568 1138 ²
1600 1101 1953 1189 sermonis,
1994 1124 2142 1194 quae
2175 1100 2359 1193 Aper

334 1199 639 1293 antiquis
671 1199 1059 1267 oratoribus
1091 1199 1257 1273 vitio
1295 1201 1533 1286 vertit,
1575 1197 1744 1268 nihil
1790 1197 1971 1267 aliud
2019 1223 2158 1266 esse
2203 1222 2359 1267 cen·

333 1321 600 1384 semus,
661 1297 714 1363 si
767 1320 910 1364 rem
962 1318 1117 1365 vere
1173 1297 1504 1370 aestimare
1541 1294 1756 1383 melis,
1818 1296 1945 1364 nisi
1997 1295 2357 1388 quamdam

300 1394 622 1469 ,affectus
667 1394 997 1462 humanos
1052 1394 1369 1468 movendi
1422 1395 1793 1480 inscitiam,
1836 1393 2113 1462 affectus
2159 1392 2353 1479 dico,

337 1492 584 1587 quibus
603 1489 842 1560 callide
866 1492 1215 1584 expressi5‚
1244 1491 1469 1561 nescio
1484 1492 1649 1584 quid
1676 1492 1882 1585 magis
1914 1491 2150 1578 vividi,
2185 1515 2359 1585 prae-

337 1590 526 1683 rupti
575 1603 642 1657 et
692 1589 956 1682 inopini
995 1589 1285 1658 orationi
1336 1590 1615 1660 accedit.
1668 1590 2015 1683 Praecipue
2057 1588 2155 1675 id,
2200 1613 2358 1657 nos-

339 1688 463 1757 tris
499 1687 978 1798 temporibus,
990 1703 1348 1756 novatores
1381 1687 1898 1782 septimidecimi
1943 1640 2167 1758 saeculi
2201 1686 2361 1756 scri-

340 1785 652 1881 ptoribus
712 1784 985 1854 crimini
1059 1784 1447 1856 dederunt·
1430 1813 1449 1874 3
1520 1786 1799 1856 nomina
1857 1783 2356 1872 tantummodo,

340 1909 484 1952 non
528 1908 631 1951 res
664 1907 742 1952 ac
782 1880 934 1951 lites
975 1897 1349 1953 mutantur.
1390 1881 1779 1954 Doluerunt
1826 1900 2068 1976 nempe
2115 1883 2253 1951 vim
2296 1896 2363 1951 et

346 1979 774 2051 altitudinem
841 1979 1023 2049 illam
1078 2006 1226 2075 quae
1277 2007 1357 2051 ex
1409 1982 1632 2050 intimi
1683 1981 1888 2051 animi
1942 1980 2246 2049 sensibus
2295 1996 2363 2049 et

343 2077 755 2149 naturalium
791 2103 1020 2147 rerum
1047 2103 1276 2148 amore
1307 2094 1376 2149 et
1412 2080 1820 2150 commercio
1867 2079 1940 2147 in
1984 2078 2361 2148 orationem

240 2236 245 2241 .
341 2175 933 2264 redundaresolet‚
957 2175 1415 2249 illisdefuisse.
1435 2180 1574 2249 Nec
1587 2202 1970 2272 wperperam
1990 2177 2355 2270 utopinor‚

342 2275 474 2345 hoc
516 2274 855 2368 objectum
889 2289 1012 2343 est.
1067 2279 1237 2344 Nam
1274 2277 1827 2368 septimodecimo
1856 2273 2095 2346 saeculo
2134 2272 2360 2366 splen-

341 2371 725 2467 doringens
751 2372 879 2441 fuit
903 2371 1279 2441 litterarum
1315 2389 1382 2443 et
1414 2373 1754 2466 fastigium
1787 2397 2000 2466 prope
2027 2397 2218 2441 suum
2254 2387 2361 2440 at-

341 2471 667 2564 tigeruns,
701 2494 824 2539 nec
860 2484 1081 2538 tamen
1098 2485 1382 2540 secretas
1411 2472 1705 2565 pectoris
1729 2471 2007 2539 humani
2029 2468 2359 2540 sollicitu-

341 2567 536 2636 dines
564 2585 630 2637 et
655 2569 943 2662 impetus
978 2569 1136 2637 satis
1176 2585 1335 2638 tunc
1375 2570 1684 2639 homines
1710 2593 1981 2639 novere.
2023 2566 2149 2636 Illa
2181 2569 2359 2637 enim

344 2681 564 2754 aetate,
603 2665 988 2759 eloquentia
1026 2667 1238 2758 major
1280 2692 1482 2760 quam
1528 2669 1747 2759 poesis
1784 2667 2062 2752 exstitit,
2112 2665 2364 2762 ingenii

341 2762 571 2858 plures
590 2779 865 2832 conatus
885 2788 1083 2856 quam
1101 2780 1342 2859 sponte
1361 2765 1642 2834 effluens
1660 2790 1866 2834 vena:
1888 2779 2022 2833 tam
2045 2788 2362 2856 magnum

345 2861 479 2930 fuit
511 2860 865 2929 artificium
884 2877 959 2929 ut
991 2887 1306 2932 mansura
1324 2865 1611 2957 erigeret
1630 2858 2099 2931 monumenta!
2129 2864 2363 2954 Neque

269 2965 271 2970 ⁴
347 2973 575 3027 tamen
596 2959 956 3051 scriptores
998 2959 1245 3029 altius
1230 2985 1299 3028 1n
1334 2962 1728 3053 semetipsos
1760 2959 2355 3054 ingrediebantur·
2341 3011 2357 3044 ‚

347 3081 565 3150 neque
588 3055 657 3125 in
683 3072 992 3125 naturam
1013 3073 1353 3127 externam
1376 3059 1779 3146 refluebant,
1804 3082 2023 3150 neque
2038 3071 2364 3126 extremas

344 3155 556 3224 animi
600 3153 885 3224 latebras
920 3155 1384 3249 exploravere3
1425 3179 1646 3248 neque
1698 3157 1767 3222 in
1814 3155 2038 3224 anima
2089 3153 2365 3222 destitu-

345 3267 493 3321 tum
529 3252 858 3320 mundum
893 3253 1182 3347 impetus
1216 3279 1370 3322 suos
1410 3254 1805 3338 emiserunt,
1854 3278 2072 3346 neque
2107 3253 2178 3321 in
2216 3250 2364 3321 illos

343 3350 633 3444 gemitus
672 3365 787 3420 aut
821 3349 1145 3421 clamores
1188 3366 1561 3445 eruperunt
1596 3351 1713 3443 qui
1765 3376 2033 3419 omnem
2075 3350 2363 3443 scripto-

345 3448 440 3515 ris
490 3448 696 3517 vitam
754 3447 1197 3538 denuntiant3
1242 3474 1461 3542 neque
1505 3448 1732 3543 lyricis
1773 3449 1909 3518 suis
1953 3448 2363 3518 carminibus

349 3546 579 3613 omnia
641 3547 1146 3616 circumstantia
1190 3546 1476 3640 amplexi
1519 3562 1720 3634 sunt,
1770 3563 1846 3621 ut
1899 3546 1993 3615 eis
2043 3545 2249 3615 vitam
2300 3561 2367 3612 et

347 3656 609 3709 motum
655 3643 1085 3738 inspirarent.
1129 3646 1411 3732 Verum,
1467 3644 1781 3739 gallicum
1828 3645 2210 3738 ingenium,
2261 3666 2365 3710 se-

345 3763 586 3809 curum
629 3742 730 3808 sui
777 3767 852 3813 ac
884 3758 1182 3829 certum,
1217 3743 1589 3834 juventutis
1625 3743 1766 3835 jam
1809 3742 2073 3812 fervore
2106 3753 2175 3807 et
2222 3739 2361 3831 spi'·

418 3988 436 4018 ¹
477 3986 542 4040 C.
583 4004 700 4039 xxt.

417 4058 442 4089 ²
476 4058 539 4110 C.
570 4076 684 4126 xxx,
711 4075 864 4112 xxm.
