2900 4678
1300 613 1476 704 §2-

1076 815 1109 853 n
1134 827 1162 867 y
1188 813 1324 854 aui-ait
1343 827 1400 853 un
1419 813 1567 854 travail
1588 812 1784 853 littei-aire
1804 809 1889 852 fort
1913 811 2152 850 intes-esunt
2173 810 2197 850 δ
2216 809 2319 849 faire
2337 822 2409 850 ιιι·

1034 881 1082 908 ee
1117 869 1332 920 Dialogues.
1372 869 1427 908 10·
1465 879 1656 919 gromm-
1695 865 1786 918 deja
1830 864 2112 909 considerable
2147 864 2207 904 du
2245 864 2409 904 votum·

1043 921 1241 973 tn'oblige
1258 920 1329 973 d'y
1347 933 1561 963 renoncer.

1137 974 1354 1028 (Barnous,
1368 976 1493 1017 Note·
1506 986 1578 1014 sur
1592 974 1632 1014 10
1644 972 1839 1026 ntalem
1849 971 1918 1011 des
1931 979 2119 1021 ortuum,
2128 970 2241 1020 mvl,
2251 983 2297 1023 p.
2307 972 2406 1014 ⁴⁸0.

477 1133 551 1202 Si
601 1133 754 1227 quis
777 1187 797 1222 ‚
850 1132 1154 1205 libellum
1214 1133 1400 1205 hunc
1466 1129 1884 1225 perlecturus
1917 1181 1937 1213 ‚
2004 1144 2112 1218 et,
2186 1131 2412 1202 nescio

381 1254 470 1299 an
495 1281 515 1316 ‚
562 1232 844 1299 materia
885 1245 954 1300 et
994 1229 1287 1301 auctoris
1341 1228 1620 1301 nomine
1669 1225 1995 1322 pellectus
2017 1278 2038 1317 ,
2100 1242 2220 1298 aut
2270 1226 2417 1299 lon-

383 1351 538 1421 gam
567 1378 586 1416 ,
620 1340 733 1416 et,
776 1342 857 1398 ut
885 1327 1126 1415 cred0,
1168 1326 1447 1398 minime
1497 1351 1791 1410 novam,
1851 1324 1939 1397 de
1991 1323 2408 1420 eloquentia,

383 1439 588 1519 atque
649 1427 912 1519 poetica
966 1424 1495 1519 disputationem
1547 1438 1885 1519 exspectet
1912 1475 1931 1512 ,
1991 1439 2153 1511 aut,
2224 1449 2416 1518 aeque

301 1600 308 1619 ,
383 1519 744 1612 obsoletaS,
809 1524 896 1595 de
957 1522 1343 1617 eloquentia
1400 1520 1507 1592 vel
1571 1523 1802 1618 potius
1862 1521 2201 1593 rhetorica
2244 1546 2418 1617 prae-

381 1622 726 1715 ceptiones
750 1672 771 1710 ,
829 1636 947 1691 aut
994 1647 1239 1716 vagum
1290 1620 1549 1715 aliquid
1615 1620 1702 1690 de
1758 1635 2064 1692 veterum
2117 1645 2273 1691 cum
2315 1644 2418 1691 re·

382 1718 801 1790 centioribus
850 1721 1219 1790 certamine
1247 1773 1268 1808 ,
1323 1720 1534 1792 timeo
1592 1744 1681 1790 ne
1740 1716 2049 1790 delusum
2103 1717 2294 1790 brevi
2345 1742 2416 1789 se

383 1831 652 1887 sentlat.
1729 1842 1734 1848 ·

480 1914 819 2010 Equidem
851 1914 1065 1989 nolim
1094 1916 1272 1986 tritis
1301 1914 1441 2009 jam
1472 1916 1768 2011 vestigiis
1794 1914 2104 1986 insistere
2130 1968 2152 2004 ‚
2199 1940 2419 2010 neque

385 2011 774 2107 reipublicae
802 2029 918 2084 aut
953 2015 1358 2111 artisipsius
1383 2012 1674 2085 multum
1709 2015 2033 2084 interesse
2066 2013 2368 2085 arbitror
2391 2067 2413 2103 ,

383 2125 617 2180 utrum
669 2110 1058 2206 eloquentia
1106 2137 1194 2182 an
1251 2113 1438 2207 poesi
1496 2110 1646 2207 plus
1708 2112 2052 2182 honorum
2089 2111 2419 2208 famaeque

384 2209 725 2304 pariatur¹
764 2234 781 2278 ε
823 2235 1042 2305 neque
1070 2211 1424 2305 praeceptis
1460 2210 1767 2306 indigere
1812 2208 1963 2279 illos
1998 2210 2117 2303 qui
2176 2211 2264 2280 ad
2308 2209 2418 2279 di-

386 2306 678 2379 cendum
734 2332 873 2379 sese
928 2309 1289 2404 accingant
1314 2360 1332 2392 ,
1396 2333 1692 2402 quorum
1733 2307 2011 2402 quidem
2057 2307 2417 2380 hominum

387 2430 569 2500 seges
605 2421 847 2500 sponte
881 2431 1000 2476 sua
1028 2409 1186 2476 satis
1231 2405 1618 2476 efflorescit.
1660 2404 1865 2494 Quod
1894 2404 1978 2474 ad
2017 2401 2203 2476 litem
2238 2405 2420 2477 inter

389 2518 721 2594 nostrates
803 2530 882 2574 ac
957 2520 1216 2575 veteres
1271 2505 1556 2590 attinet,
1623 2528 1775 2598 quae
1848 2501 2124 2596 quidem
2187 2529 2228 2573 a
2280 2506 2421 2575 De-

387 2603 632 2672 metrio
698 2601 1026 2673 Phalereo
1086 2602 1174 2673 ad
1233 2602 1564 2672 Ludovici
1620 2600 2097 2696 quartidecimi
2149 2616 2418 2673 oetatem

390 2701 590 2810 nimis
637 2700 772 2769 heu
845 2701 1172 2794 temporis
1235 2716 1435 2795 atque
1482 2702 1735 2796 ingenii
1782 2699 2203 2793 insumpsit²,
2256 2699 2416 2771 reli-
2511 2697 2570 2791 ,⁸
2613 2725 2654 2786 ‘⁵
2707 2779 2731 2807 s

338 2751 651 2970 Ἠ
710 2799 1163 2869 existimarem
1237 2799 1611 2894 quidquam
1671 2798 1863 2872 istius
1939 2799 2239 2873 materiae
2304 2823 2415 2868 re·
2642 2811 2792 2895 Kx!

498 2912 563 2966 ct
644 2921 704 2968 e·

488 2997 809 3090 Superest
853 2992 1179 3090 Dialogus
1229 2995 1395 3089 qui,
1446 3009 1526 3064 ut
1567 2994 1766 3067 nobis
1802 2991 2113 3082 videtur,
2152 2995 2420 3090 egregie

391 3109 781 3186 corruptam
823 3084 1279 3187 eloquentiam
1315 3107 1386 3164 et
1418 3093 1746 3162 orationis
1760 3091 2135 3185 judiciique
2177 3093 2419 3164 miram

394 3189 900 3260 inclinationem
951 3189 1207 3260 indicat
1256 3215 1271 3258 ε
1325 3190 1577 3283 quique
1603 3240 1622 3277 ,
1671 3189 2119 3259 ciceronianis
2156 3189 2417 3262 formu·

393 3286 476 3360 lis
528 3303 597 3358 et
649 3288 1025 3360 rationibus
1074 3304 1143 3358 et
1199 3286 1459 3357 artibus
1510 3286 1779 3359 dicendi
1822 3285 1960 3380 jam
1994 3288 2420 3360 vanescenti-

393 3387 519 3456 bus
544 3442 562 3475 ,
618 3386 926 3457 nondum
969 3402 1194 3456 autem
1245 3385 1561 3454 barbarie
1620 3384 2121 3479 ingravescente
2148 3444 2167 3475 ,
2227 3389 2421 3481 quasi

390 3484 690 3555 medium
725 3501 1052 3582 punctum
1093 3485 1366 3555 videtur
1408 3483 1718 3554 obtinere
1745 3536 1765 3575 ,
1821 3498 1891 3556 et
1929 3483 2109 3555 inter
2147 3510 2418 3581 gravem

430 3755 431 3758 Ἴ
468 3698 484 3727 ¹
526 3700 599 3750 V.
625 3701 763 3755 Dial.
785 3700 848 3752 de
872 3713 1026 3767 orat„
1052 3720 1100 3755 c.
1130 3721 1182 3764 v,
1209 3720 1283 3765 vr,
1312 3719 1409 3767 vn,
1436 3718 1552 3764 vm,
1582 3719 1659 3765 1x‚
1690 3719 1746 3766 x,
1773 3718 1851 3766 x1,
1878 3715 1976 3766 xn,
2001 3716 2125 3753 xm.

468 3768 492 3799 ’
529 3770 689 3825 Conf.
715 3773 887 3825 Cicer.
908 3772 968 3823 de
991 3778 1135 3824 Orat.
1162 3773 1238 3836 11,
1259 3790 1410 3825 xxm.
1427 3802 1502 3813 —-
1517 3771 1672 3824 Idem
1694 3776 1836 3825 Brut.
1861 3788 1937 3826 ιχ.
1955 3769 2226 3825 -Ηοι-ειῑ.
2255 3770 2417 3844 Epist.

392 3841 494 3894 lib.
513 3842 593 3906 II,
611 3859 652 3893 1.
669 3871 741 3883 —-
758 3843 1092 3911 Quintilian„
1115 3845 1334 3898 Institut.
1363 3856 1515 3906 orat„
1539 3843 1610 3907 X,
1632 3861 1671 3896 1.
1688 3872 1761 3883 —
1778 3842 2059 3908 Fen-alum,
2079 3839 2322 3895 Parallele
2339 3839 2423 3895 des

396 3914 595 3964 ariciens
629 3926 678 3964 et
714 3913 798 3964 des
837 3914 1110 3976 moder-nes,
1147 3916 1724 3986 passim.—Fenelon,
1754 3919 1912 3965 Lettrc
1942 3913 1973 3963 ὰ
1998 3912 2203 3965 I'Acad.
2220 3916 2345 3981 stan
2382 3953 2417 3974 .,

397 3985 486 4039 ch.
516 4003 568 4039 x.
588 4014 657 4026 —
675 3985 999 4051 Fontenelle,
1042 3990 1328 4055 DigressIOn
1362 4005 1449 4039 sur
1476 3985 1544 4038 les
1590 3989 1815 4045 ariciens,
1859 3982 1986 4037 edit.
2039 3985 2199 4051 1823,
2240 3997 2277 4038 t.
2318 3934 2416 4034 ῙξῙ.

394 4055 646 4128 Me'langes
659 4100 675 4126 ,
698 4077 834 4131 page
860 4058 983 4111 249.
1007 4088 1077 4099 -
1093 4059 1429 4124 Marmontel‚
1463 4056 1737 4126 Me'langes,
1766 4071 1885 4111 voc.
1907 4058 2141 4108 Anciens.
