2900 4678
1385 279 1774 369 -2-44-

497 465 507 475 .
566 402 975 490 distulimuS,
1005 400 1190 496 quod
1224 401 1571 472 nobismet
1587 399 2059 496 gravissimum
2081 397 2590 493 videtur‚·quod

490 589 495 593 q
567 516 789 571 cetera
856 500 1084 569 omnia
1137 499 1465 569 continet.
1527 500 1786 594 Nempe
1836 495 1982 567 illas
2031 494 2481 591 philosophiae
2525 514 2594 568 et

565 599 797 667 studio
838 613 925 668 et·
954 597 1196 691 spiritu
1230 622 1483 667 carere.
1549 625 1585 664 «
1633 596 1947 691 Ignorari
1983 608 2294 665 naturam
2346 596 2595 666 huma·-

569 687 752 785 nain,
784 697 919 765 vim
952 697 1307 786 virtutum,
1351 694 1885 790 pravitatemque
1905 694 2265 783 vitiorum,
2295 709 2362 763 et
2390 693 2592 764 intel-

567 793 813 863 lectum
859 818 1096 862 eorum
1131 819 1279 888 quae
1317 819 1439 863 nec
1474 793 1543 861 in
1578 791 1941 862 virtutibus
1980 815 2102 862 nec
2141 790 2213 860 in
2245 790 2426 861 vitiis
2469 818 2595 862 nu—

568 906 955 978 merantur3
994 891 1338 985 sapientiae
1375 890 1676 962 studium
1716 905 1787 960 et
1838 904 2173 984 praecepta
2215 888 2595 984 prudent-iae

569 989 838 1084 penitus
874 988 1305 1058 reformidari
1328 992 1370 1059 ¹.
1408 1017 1443 1055 »
1973 1028 1978 1031 -

666 1087 1093 1181 Praecipuum
1118 1087 1185 1155 id
1223 1085 2004 1181 aegrotantishominum
2039 1084 2375 1155 societatis
2409 1084 2594 1153 indi-

568 1185 769 1267 cium,
787 1198 912 1273 est,
953 1208 1162 1279 quum
1198 1183 1310 1255 illa
1349 1210 1388 1254 a
1434 1185 1765 1253 Cicerone
1812 1198 2050 1253 vocata
2089 1183 2360 1252 virtutis
2395 1181 2598 1252 inda-

560 1284 809 1378 gatrix
852 1297 922 1351 et
965 1281 1332 1377 expultrix
1383 1283 1745 1365 vitiorum,
1808 1280 1923 1350 illa
1970 1281 2289 1374 cujusque
2335 1281 2433 1348 rei
2480 1281 2594 1350 in-

572 1381 886 1448 ventrix*
927 1403 1067 1447 non
1109 1378 1263 1447 dico
1318 1378 1583 1448 scholas
1627 1377 1806 1447 alere
1839 1393 1923 1448 ‘et
1976 1378 2286 1448 subsellia
2342 1377 2597 1472 agitare

570 1474 796 1566 desiit,
836 1475 952 1546 sed
988 1476 1326 1547 mentibus
1353 1475 1645 1572 publicis
1678 1475 2036 1573 praesidere
2066 1490 2134 1546 et
2151 1473 2396 1545 litteris
2425 1500 2598 1571 pra}-

571 1572 839 1644 lucere⁸.
1681 1582 1686 1587 ’

665 1672 935 1741 Etenim
964 1696 1208 1767 magna
1236 1696 1512 1765 prorsus
1531 1689 1630 1743 est
1655 1673 2100 1767 philosophiae
2113 1670 2394 1761 utilitas,
2415 1696 2596 1766 quae-
2637 1720 2644 1725 ·

570 1769 822 1839 stiones
843 1768 987 1840 illas
1009 1770 1092 1838 de
1118 1772 1293 1859 De0,
1325 1770 1409 1839 de
1429 1771 1732 1859 homine,
1760 1771 1843 1839 de
1865 1785 2130 1859 natura,
2160 1768 2502 1841 volventis·
2518 1796 2598 1840 ac

569 1864 931 1961 solventis3
968 1868 1126 1953 inde
1154 1867 1232 1936 fit
1258 1883 1336 1937 ut
1364 1862 1572 1945 animi
1607 1883 1673 1937 et
1707 1870 2084 1938 excitentur
2115 1883 2182 1937 et
2216 1868 2590 1962 erigantur,

569 1980 644 2034 ut
688 1982 775 2034 et>
799 1967 1077 2058 justitiae
1110 1965 1441 2036 increscat
1488 1968 1937 2055 reverentia*;
1986 1965 2102 2035 sed
2135 1963 2351 2034 multo
2385 1968 2598 2060 magis

569 2063 768 2131 etiam
831 2065 1106 2157 prodest
1160 2063 1344 2157 quod
1401 2064 1753 2135 destitutas
1805 2061 2107 2159 alioquin
2159 2064 2466 2132 castitate
2528 2079 2598 2132 et

534 2248 537 2249 ἦ
570 2162 923 2230 sanctitate
958 2160 1212 2230 litteras
1249 2177 1561 2255 artesque
1593 2162 1910 2231 honestet
1948 2178 2015 2231 et
2054 2160 2135 2231 ad
2165 2160 2370 2231 finem
2400 2186 2597 2251 suum

560 2282 834 2353 semper
886 2274 1178 2330 revocet.
1228 2261 1407 2330 Nota
1459 2274 1558 2328 est
1610 2257 1722 2328 illa
1779 2258 2112 2328 celebrata
2172 2260 2242 2327 in
2295 2257 2598 2327 Platonis

573 2360 877 2454 Gorgia-'²
944 2358 1193 2453 artium
1262 2357 1505 2430 divisio
1571 2384 1702 2453 qua
1758 2358 2185 2430 medicinam*
2230 2358 2548 2452 coquaria
2570 2409 2589 2445 ,

560 2608 567 2612 .
610 2583 621 2592 ν
643 2559 658 2589 ¹
697 2560 834 2618 Εἰμὶ.
861 2578 910 2617 c.
933 2578 1079 2626 xxx1,
1104 2578 1270 2615 xxxn.

603 2695 609 2698 μ
642 2630 664 2660 ²
705 2636 850 2688 Tusc,
872 2643 1073 2705 quaest„
1091 2632 1131 2686 l.
1159 2632 1229 2697 V,
1256 2649 1302 2684 c.
1324 2650 1385 2685 11.

641 2701 666 2730 ³
705 2721 730 2753 (ι
746 2703 860 2755 Hoc
884 2703 983 2755 sibi
1011 2703 1088 2755 illi
1103 2716 1298 2755 veteres
1310 2702 1698 2775 persuadebant
1717 2715 1774 2756 ut
1788 2704 1872 2758 his
1903 2706 2292 2776 artibuspectus
2315 2705 2598 2775 implerent

567 2771 624 2822 in
644 2773 833 2841 quibus
873 2774 941 2827 de
963 2774 1117 2826 bonis
1136 2792 1197 2827 ac
1224 2775 1394 2840 malis,
1441 2773 1510 2828 de
1540 2776 1760 2829 honesto
1786 2795 1848 2829 ac
1871 2778 2034 2848 turpi,
2062 2776 2128 2831 de
2154 2779 2293 2847 justo
2316 2788 2367 2829 et
2399 2777 2594 2846 injusto

571 2840 871 2913 disputatur
877 2883 1523 2899 .......
1547 2885 1552 2890 -
1619 2887 1632 2899 .
1724 2887 1737 2900 .
1830 2888 1843 2901 .
1919 2905 1922 2906 ⁷
1937 2886 2483 2902 ......
2547 2877 2583 2904 ·.

567 2913 710 2983 Ergo
752 2916 889 2984 hanc
922 2917 1151 2987 primam
1182 2929 1233 2968 et
1263 2917 1588 2989 praecipuam
1631 2936 1842 2971 causam
1881 2919 2111 2972 arbitror
2148 2939 2244 2971 eur
2287 2931 2489 2971 tantum
2525 2913 2594 2970 ab

569 2986 867 3055 eloquentia
891 2988 1226 3059 antiquorum
1257 2995 1538 3040 oratorum‘
1553 2991 1934 3047 recesserimus,
1956 2992 2010 3044 Si
2029 3004 2177 3044 testes
2204 2989 2593 3055 desiderantur,

568 3069 701 3125 quos
736 3059 967 3128 potiores
1006 3058 1300 3111 nominabo
1340 3078 1502 3129 quam
1533 3060 1676 3131 apud
1712 3062 1925 3115 Graecos
1961 3061 2408 3122 Demosthenem?
2435 3078 2595 3130 quem

568 3127 1003 3184 studiosissimum
1032 3130 1266 3182 Platonis
1295 3129 1591 3184 auditorem
1620 3132 1775 3185 fuisse
1805 3138 2069 3187 memoriae
2109 3133 2384 3205 proditum
2404 3145 2500 3184 est.
2527 3132 2597 3183 Et

569 3199 756 3252 Cicero
789 3201 888 3267 his,
930 3214 989 3254 ut
1013 3202 1237 3272 opinor,⁸
1260 3204 1416 3254 refert
1440 3203 1614 3260 verbis
1634 3203 1895 3274 quidquid
1922 3205 1979 3257 in
2004 3206 2303 3275 eloquentia
2339 3197 2594 3269 effecerit,

568 3268 626 3322 id
642 3289 697 3322 se
721 3291 830 3324 non
848 3274 1121 3324 rhetorum
1140 3271 1230 3324 sed
1253 3273 1532 3327 academiae
1548 3276 1726 3346 spatiis
1743 3290 2103 3330 consecutum.
2118 3294 2144 3329 )>
2167 3276 2321 3349 (Dial.
2341 3294 2388 3327 c.
2406 3272 2596 3344 xxxn.)

567 3342 816 3412 —Conf.
840 3344 1087 3396 Ciceron.
1118 3349 1257 3398 Orat.
1285 3362 1332 3395 c.
1361 3364 1434 3398 1v.
1615 3391 1644 3402 ,,
2405 3373 2408 3374 ’

643 3412 667 3442 ⁴
704 3414 861 3469 Conf.
891 3417 1009 3466 Mme
1034 3412 1101 3466 de
1125 3415 1280 3475 StaeL
1315 3422 1388 3466 De
1410 3417 1461 3467 la
1481 3417 1714 3483 librarat„
1740 3419 1807 3469 Ire
1831 3420 2019 3489 partie,
2046 3437 2093 3473 c.
2124 3437 2218 3483 vn,
2244 3411 2462 3488 passim.'

642 3485 660 3514 ⁸
701 3516 800 3535 .....
829 3485 916 3534 δύο
941 3487 1065 3547 λέγω
1082 3486 1271 3547 τέχνας,
1297 3490 1380 3537 καὶ
1403 3490 1490 3546 τὴν
1518 3488 1602 3550 μὲν
1625 3490 1703 3538 ἐπὶ
1726 3490 1785 3548 τῆ
1810 3490 1941 3553 ψυχῆ
1965 3490 2214 3546 πολιτικὴν
2240 3490 2372 3536 καλῶ
2387 3524 2398 3540 ,
2425 3485 2511 3540 τὴν
2538 3485 2593 3532 δὲ

567 3545 647 3595 ἐπὶ
670 3552 739 3609 τῷ
769 3549 956 3612 σώματι
962 3581 1077 3598 ......
1117 3551 1223 3606 μιᾶς
1254 3547 1306 3598 δε
1341 3550 1492 3605 οὔσης
1524 3551 1609 3608 τῆς
1624 3545 1733 3606 ’τοῦ
1765 3547 1989 3615 σώματος
2021 3551 2294 3618 βεραπείας,
2328 3547 2416 3608 δύο
2449 3546 2595 3616 μόρια

568 3611 693 3669 λέγω
708 3647 721 3669 ,
743 3611 830 3667 τήν
859 3611 942 3672 μὲν
963 3610 1295 3672 γυμναστικὴν
1313 3646 1327 3671 ,
1353 3613 1438 3670 τὴν
1465 3613 1516 3661 δὲ
1540 3614 1773 3678 ἰατρικήν.
1803 3617 1897 3671 Τῆς
1919 3616 1970 3663 δε
1993 3611 2239 3670 πολιτικῆς
2263 3614 2366 3660 ἄντι
2398 3610 2482 3670 μὲν
2506 3616 2593 3666 τῆς

565 3678 893 3733 γυμναστικῆς
907 3674 993 3729 τὴν
1006 3672 1340 3733 νομοθετικήν,
1360 3676 1677 3739 ἀντίστροφον
1693 3677 2040 3741 Ἓὲῑτῆῑίατρικῆ
2063 3678 2148 3732 τὴν
2176 3674 2589 3727 δικαιοσύνηνεῑὲῐ.

566 3735 817 3796 Τεττάρων
853 3738 910 3793 δὴ
943 3735 1128 3783 τούτων
1163 3733 1323 3782 οὐσῶν
1357 3737 1438 3784 καὶ
1476 3738 1551 3787 ἀεὶ
1583 3740 1702 3801 πρὸς
1735 3740 1790 3787 τὸ
1808 3733 2061 3802 ’βέλτιστόν
2089 3741 2459 3800 θεραπευουσῶν
2496 3741 2593 3782 τῶν

498 3797 509 3808 ‘
570 3798 654 3856 μὲν
700 3798 756 3846 τὸ
793 3804 960 3859 σῶμα,
995 3803 1091 3847 τῶν
1127 3798 1178 3845 δὲ
1215 3797 1300 3852 τὴν
1334 3800 1523 3863 ψυχὴν,
1556 3803 1584 3857 ἡ
1617 3802 1942 3859 κολακευτική
1979 3803 2342 3863 αἰσθομένημ...
2381 3800 2596 3860 τέτραχα

569 3858 743 3915 ἑαυτὴν
776 3862 1084 3923 διανείμασα,
1119 3859 1347 3911 ὑποδῦσα
1381 3864 1477 3910 ὑπὸ
1506 3863 1707 3912 ἕκαστον
1741 3869 1837 3911 τῶν
1870 3864 2049 3928 μορίων
2065 3879 2082 3924 ,²
2104 3866 2439 3927 προσποιεῖται
2472 3858 2599 3908 εἶναι

568 3928 717 3972 ,τοῦτο
743 3922 859 3985 ὅπερ
884 3925 1137 3974 ὑπέδυ.....
1172 3926 1242 3986 Τῃ
1279 3925 1363 3985 μὲν
1390 3924 1477 3973 οὖν
1508 3927 1695 4000 ἰατρικῇ
1726 3928 1756 3982 ἡ
1778 3927 2035 3994 ὀψοποιικὴ
2064 3926 2293 3977 κολακεία
2321 3921 2598 3976 ὑπόκειται.

569 3983 643 4054 Τῇ
667 3986 719 4034 δὲ
743 3986 1044 4056 γυμναστικῇ
1079 3987 1203 4037 κατὰ
1234 3987 1318 4039 τὸν
1345 3987 1695 4056 αὐτὸνιτροπον
1728 3991 1758 4046 ἡ
1791 3990 2088 4056 κομμωτική.
2158 4022 2171 4036 .
2241 4022 2253 4034 .
2324 4020 2337 4034 .
2407 4025 2422 4056 .-
2492 4023 2507 4035 .
2581 4020 2595 4034 .

569 4084 582 4098 0
655 4084 667 4097 0
742 4082 751 4093 ι
826 4083 835 4095 ι
905 4081 917 4094 ο
990 4084 1001 4096 ο
1070 4084 1082 4097 ι
1153 4085 1166 4099 0
1238 4088 1248 4100 0
1321 4086 1333 4098 ο
1400 4083 1413 4097 ο
1488 4085 1499 4097 ο
1570 4083 1583 4098 ο
1650 4084 1662 4099 ο
1736 4088 1747 4099 ο
1823 4085 1837 4100 ι
1911 4088 1921 4100 ι
1992 4086 2005 4099 0
2077 4079 2171 4099 0'·
2241 4085 2253 4099 ο
2322 4083 2335 4097 0
2410 4086 2422 4099 ο
2496 4067 2509 4101 ⁸·
2582 4085 2594 4098 ι
