2900 4678
1368 346 1465 363 ....
1516 306 1611 380 26
1664 344 1759 364 ...-

548 433 740 526 juxta
771 432 1160 501 oratoriam
1193 429 1690 526 supellectilem
1716 454 1870 528 quae
1901 434 2313 502 necessariis·
2344 433 2579 506 caribus

554 527 891 625 suffiunt,
951 543 1378 624 apparatam
1434 543 1704 623 quoque
1746 543 1815 597 et
1849 546 2166 626 gemmas
2213 545 2281 599 et
2319 556 2577 603 aarum

555 628 826 721 poscit¹‚
863 625 1259 696 Annalmm
1295 643 1639 696 auctorem
1685 652 2051 722 agnoscaS.
2080 654 2289 723 quum
2320 628 2577 728 ''abigl-

557 750 721 795 nem
752 725 1204 820 effugiendam
1237 726 1558 819 pnaedicat
1599 740 1666 795 et
1700 726 2068 796 novitatem
2112 751 2313 822 super
2349 729 2579 798 omnia

557 821 822 913 laudat,
865 848 1180 917 agnosces
1224 825 1342 919 qui
1385 823 1565 918 apud
1615 848 1740 893 nos
1790 823 2163 894 dicebant.

755 972 815 1028 II
834 968 1125 1045 noussaat
1148 974 1227 1028 da
1253 992 1525 1042 mareau,
1556 992 1594 1027 n
1601 970 1881 1046 'eafut-il
1893 977 2030 1047 plus
2058 994 2135 1029 αιι
2161 975 2381 1029 monde.

655 1136 887 1222 Quum
939 1131 1282 1201 insulsam
1325 1132 1788 1203 scarilc’tatem
1830 1134 2199 1227 vituperat,
2261 1134 2578 1203 recorda-

558 1233 736 1301 beris
798 1254 1065 1324 gravem
1111 1255 1189 1299 ac
1235 1255 1530 1299 severam
1568 1230 1753 1299 illam
1804 1234 2286 1301 Historiarum
2327 1239 2581 1301 oratio-

522 1332 525 1339 '
562 1354 713 1399 nem
749 1353 898 1422 quae
931 1328 1184 1420 ubique
1212 1325 1544 1420 legentem
1572 1312 1807 1399 edocet
1840 1345 1908 1398 et
1938 1328 2297 1416 illuminat,
2337 1355 2377 1401 a
2406 1331 2575 1399 vitio

560 1441 830 1497 revocat
872 1440 941 1493 et
970 1425 1237 1494 virtutis
1279 1449 1511 1496 amore
1564 1427 1888 1496 incendit.

1326 1970 1650 2053 CAPUT
1705 1972 1784 2050 II
1800 2027 1823 2052 .

1482 2236 1656 2329 gi.

661 2429 855 2496 Nunc
890 2439 1114 2495 autem
1149 2448 1356 2518 quum
1377 2448 1566 2492 suam
1593 2422 1993 2492 sententiam
2022 2445 2343 2518 suamque
2374 2419 2583 2491 veluti

565 2522 987 2617 disciplinam
1012 2524 1194 2615 Aper
1222 2521 1629 2610 defenderit,
1665 2519 2009 2589 adversam
2033 2544 2461 2614 aggressurus
2486 2523 2586 2589 est

563 2638 631 2690 et
658 2619 855 2690 altius
899 2644 1039 2688 rem
1077 2620 1638 2714 perscrutabitur.

661 2718 985 2788 Eamdem
1031 2742 1298 2788 causam
1332 2734 1601 2787 acturus
1634 2731 1734 2786 est
1759 2739 1836 2784 ac
1869 2716 2084 2809 prius,
2118 2715 2325 2809 idque
2360 2716 2585 2784 minus

564 2817 913 2928 propriam
945 2817 1198 2885 tuendo
1234 2840 1433 2909 quam
1470 2814 1876 2883 contrariam
1900 2812 2324 2883 insectando.
2348 2815 2585 2906 Neque

565 2915 745 2984 enim
774 2913 1024 2984 sufficit
1061 2914 1123 2983 ei
1172 2938 1361 2982 novae
1398 2913 1560 2981 artis
1599 2912 2058 2980 necessitatem
2094 2912 2586 2980 demonstrasse

565 3028 631 3081 et
664 3013 1083 3123 praedicasse?
1122 3012 1251 3080 nisi
1285 3035 1556 3105 quoque
1579 3023 1872 3092 veterem
1900 3024 2110 3077 artem
2136 3009 2469 3077 destruat
2444 3033 2585 3101 Jam

563 3112 909 3205 prioribus
950 3110 1527 3178 ratiocinamentis
1560 3132 1976 3177 concussam.
2018 3109 2288 3194 Movet,
2343 3121 2422 3174 ut
2458 3106 2580 3193 ait,

566 3207 679 3276 illa
713 3207 1092 3276 litterarum
1123 3206 1476 3302 disciplina
1512 3222 1626 3275 aut
1663 3207 1883 3275 risam
1902 3219 2018 3273 aut
2041 3205 2428 3315 soporem⁸3
2449 3206 2588 3271 Im-

564 3321 857 3400 portuna
906 3331 1044 3375 esse
1109 3306 1357 3375 fatetur
1407 3303 1901 3373 robustioribus
1965 3303 2250 3371 recentis
2306 3301 2432 3371 aevi
2481 3299 2586 3368 in·

567 3404 812 3537 geniis3
817 3404 1040 3472 tenuia
1076 3401 1186 3471 illa
1221 3418 1286 3471 et
1320 3391 1466 3471 laxa
1500 3418 1566 3470 et
1581 3403 1809 3496 jejuna
1840 3415 2144 3470 veterum
2180 3399 2587 3493 scriptorum

569 3504 812 3594 opera³
835 3528 852 3589 ;
902 3526 1084 3569 nunc
1130 3515 1351 3568 autem
1406 3526 1615 3595 quum
1667 3500 1870 3614 longo
1923 3499 2223 3593 gentium
2283 3497 2588 3565 omnium

567 3598 975 3666 commercio
1005 3598 1366 3668 hominum
1400 3600 1678 3667 societas
1711 3599 1851 3692 jam
1887 3596 2224 3691 perpolita
2256 3596 2367 3685 sit,
2402 3594 2591 3706 potsci

568 3712 781 3765 artem
824 3696 928 3765 vel
983 3697 1208 3790 potius
1262 3695 1716 3790 eloquentiam
1766 3694 2076 3765 altiorem
2126 3711 2192 3764 et
2244 3692 2588 3763 venustio-
