2900 4678
1199 294 1594 365 -23—

393 447 578 491 mum
622 433 966 516 pungant,
1002 419 1711 513 expergefaciantque,
1752 433 1820 489 et
1845 419 1914 488 in
1946 416 2288 510 oratione,
2331 438 2407 493 ut

393 518 652 589 colores
685 519 758 587 in
782 516 936 604 tela,
971 518 1555 611 superemineant3
1600 518 1731 586 hoc
1764 516 1847 586 ad
1882 514 2061 587 illius
2081 522 2404 612 temporis

391 641 613 687 mores
657 641 930 710 prorsus
973 615 1294 709 pertinet.
1346 617 1537 684 Tunc
1584 615 1798 701 enim,
1844 614 1983 706 jam
2035 639 2073 683 a
2119 615 2403 709 publicis

390 716 570 784 curis
598 728 857 783 remota
888 711 1253 782 multitudo
1290 737 1430 782 non
1466 713 1595 782 nisi
1624 713 1693 781 in
1733 711 1886 780 foro
1919 736 1989 781 se
2027 711 2399 800 relaxabat;

392 812 994 904 deficientibusque
1040 811 1288 898 causis,
1331 836 1617 905 quarum
1652 808 2121 904 magnitudine
2153 825 2220 880 et
2253 838 2406 906 gra-

389 911 596 981 vitate
630 910 1062 994 retineretur,
1107 933 1371 978 necesse
1411 923 1557 977 erat
1590 933 1738 977 eam
1777 905 1957 976 falsis
1993 911 2406 981 ornamentis

391 1024 459 1077 et
486 1008 822 1077 orationis
847 1004 1102 1076 deliciis
1134 1006 1741 1099 festivitatibusque
1766 1006 2044 1096 captari.
2090 1007 2405 1101 Antiquis

388 1106 770 1176 forensibus
833 1104 1314 1174 certaminibus
1369 1116 1774 1172 successerat
1825 1101 2203 1172 umbratilis
2266 1103 2406 1173 elo-

388 1203 702 1296 quentia,
737 1226 887 1294 quae
927 1199 1201 1268 ludebat
1239 1201 1454 1293 magis
1486 1224 1688 1293 quam
1724 1198 2109 1269 decertabat
2140 1215 2208 1268 et
2246 1225 2409 1270 con-

389 1301 625 1370 cinnas
649 1298 859 1392 magis
870 1318 1083 1391 quam
1102 1296 1487 1390 probabiles
1513 1296 1877 1366 sententias
1904 1297 2360 1367 insectabatur
2382 1326 2402 1387 3

388 1395 704 1467 flosculos
747 1394 895 1464 illos
937 1419 1106 1489 quos
1142 1394 1340 1465 docta
1374 1395 1730 1489 posteritas
1771 1393 2121 1487 repudiat,
2174 1394 2410 1490 vulgus

390 1494 792 1588 appetebat3
837 1493 1067 1562 sordet
1108 1492 1316 1586 igitur
1350 1496 1541 1587 Apro
1573 1517 1775 1585 quam
1834 1516 1976 1567 non
2017 1493 2409 1585 hujusmodi

390 1606 793 1662 ornamenta
820 1590 1142 1661 decorent
1166 1590 1413 1678 oratio,
1448 1591 1693 1684 quibus
1721 1589 1862 1683 jam
1894 1588 2170 1660 lassatus
2196 1589 2409 1660 lector

390 1689 792 1760 oblectetur.

489 1787 837 1857 Poeticum
864 1810 1134 1880 quoque
1162 1785 1477 1856 decorem
1516 1786 1696 1855 idem
1732 1799 1925 1879 optat
1955 1784 2250 1855 orationi
2276 1785 2403 1854 im-

374 1885 692 1973 misceri,
731 1899 810 1952 ut
843 1885 973 1952 hoc
1006 1897 1285 1973 ornatu,
1326 1885 1515 1977 quasi
1550 1882 1757 1952 stellis
1799 1883 2202 1977 quibusdam
2247 1882 2407 1952 reli-

392 1983 510 2075 qui
553 1982 777 2076 operis
811 1980 1069 2050 umbrae
1116 1978 1576 2069 illustrentur3
1619 1979 1971 2074 palamque
2017 1980 2406 2073 profitetur,

388 2079 524 2149 hoc
573 2081 721 2174 ipso
776 2076 1140 2172 aequalibus
1186 2079 1321 2147 suis
1375 2077 1623 2147 famam
1674 2093 1741 2146 et
1792 2076 2076 2172 gloriam
2119 2078 2404 2149 venisse.

397 2205 432 2242 «
475 2177 585 2245 Sic
622 2191 1010 2245 nostrorum
1045 2190 1394 2245 oratorum
1428 2190 1584 2245 aetas
1620 2174 1970 2269 pulchrior
2001 2191 2068 2244 et
2104 2177 2411 2245 ornatior

391 2275 670 2363 exstitit,
702 2298 922 2366 neque
949 2272 1104 2343 ideo
1124 2274 1347 2342 minus
1367 2273 1669 2343 efficaces
1701 2287 1857 2342 sunt
1893 2274 2232 2343 orationes
2257 2298 2410 2343 nos-

350 2377 361 2386 '
396 2388 517 2442 trae
558 2397 709 2467 quae
745 2370 831 2439 ad
876 2393 1068 2440 aures
1104 2370 1557 2463 judicantium
1593 2395 1748 2439 cum
1787 2368 2134 2465 voluptate
2171 2395 2409 2464 perve-

396 2470 633 2559 niunt3
691 2468 856 2563 quid
908 2467 1125 2555 enim,
1186 2468 1241 2537 si
1299 2467 1677 2537 infirmiora
1727 2468 1975 2538 horum
2028 2483 2411 2563 temporum

395 2566 649 2662 templa
688 2566 919 2636 credas
963 2567 1124 2658 quia
1167 2590 1305 2636 non
1345 2567 1500 2647 rudi
1532 2582 1857 2636 caemento
1897 2581 1967 2636 et
2009 2566 2412 2636 informibus

396 2665 637 2758 tegulis
672 2678 1132 2751 exstruuntur,
1176 2664 1292 2732 sed
1343 2688 1681 2733 marmore
1726 2665 1947 2733 nitent
1984 2678 2051 2733 et
2097 2688 2263 2733 auro
2300 2690 2411 2734 ra-

399 2761 769 2832 diantur¹i³
815 2789 851 2829 υ
911 2763 1084 2830 Sane
1144 2761 1416 2832 dicendi
1476 2760 1642 2832 illud
1698 2787 1907 2856 genus
1974 2761 2160 2853 quod
2213 2787 2413 2857 grave

401 2875 501 2929 est
553 2874 621 2929 et
662 2885 1005 2947 severum,
1053 2861 1238 2930 omni
1275 2859 1496 2930 alieno
1531 2876 1934 2929 ornamento
1969 2860 2407 2949 destitutum,

398 2982 537 3027 non
575 2954 830 3028 callidis
864 2957 1227 3028 verborum
1251 2958 1588 3051 juncturis
1620 2958 2243 3050 sententiarumque
2266 2958 2414 3025 sub·

399 3054 638 3125 tilitate
663 3107 681 3144 ,
745 3055 859 3125 sed
920 3080 1145 3125 rerum
1196 3056 1499 3150 pondere
1541 3055 2014 3125 admirandum
2040 3106 2060 3141 ‚
2101 3054 2419 3147 eloquen-

401 3163 496 3231 tia
529 3161 666 3250 illa,
702 3185 849 3257 quae
884 3162 1092 3232 veluti
1133 3162 1316 3231 mole
1359 3186 1492 3230 sua
1533 3176 1701 3250 stat,
1741 3161 2122 3254 depravatis
2146 3160 2424 3252 judiciis

397 3415 466 3467 de
481 3417 530 3467 la
552 3415 728 3486 poesie
749 3428 801 3467 et
821 3414 895 3467 du
917 3416 1046 3468 haut
1069 3411 1270 3469 drame.
1288 3416 1375 3468 On
1399 3434 1453 3468 se
1468 3428 1710 3469 contente
1726 3414 1794 3468 de
1814 3414 1998 3487 petites
2019 3417 2228 3468 beantes
2241 3414 2423 3484 quand

399 3505 469 3537 on
499 3501 574 3539 est
595 3488 904 3557 impuissant
928 3506 1031 3538 aux
1055 3487 1295 3557 grandeS,
1324 3506 1396 3539 on
1420 3487 1563 3539 imite
1584 3487 1632 3559 (a
1647 3501 1885 3559 tromper
1907 3486 2047 3559 l’oeil)
2072 3487 2161 3539 des
2186 3484 2425 3538 fauteuils

399 3570 452 3609 et
489 3557 564 3609 du
593 3559 803 3611 velours
839 3557 1019 3627 quand
1058 3577 1132 3610 on
1168 3577 1236 3610 ne
1266 3572 1394 3630 peut
1431 3560 1551 3629 plus
1592 3559 1814 3629 peindre
1859 3560 1910 3613 la
1949 3556 2317 3630 physionomie
2356 3554 2427 3607 de

398 3627 649 3680 l’homme
675 3630 797 3680 assis
821 3648 909 3679 sur
933 3648 991 3680 ce
1005 3631 1214 3681 velours
1233 3644 1282 3681 et
1308 3629 1438 3682 dans
1464 3650 1547 3682 ces
1571 3632 1830 3684 fauteuils.
1854 3629 2183 3700 Cependant,
2201 3643 2304 3677 une
2326 3626 2425 3677 fois

400 3696 709 3752 descendua
728 3712 857 3750 cette
874 3700 1042 3751 forme
1066 3701 1363 3761 materielle‚
1391 3720 1462 3752 on
1483 3721 1535 3752 se
1558 3715 1743 3755 trouve
1769 3703 1915 3753 force
1938 3701 2005 3751 de
2027 3702 2077 3750 la
2093 3695 2424 3767 reproduire‚

399 3771 549 3822 carle
565 3769 1062 3839 publicmaterialise
1075 3773 1344 3825 lui-meme
1362 3773 1563 3842 l'exige.
1584 3790 1609 3822 »
1642 3769 2086 3834 Chateaubriand,
2101 3770 2264 3820 Essais
2280 3786 2365 3817 sur
2376 3768 2428 3819 la

398 3841 499 3896 litt.
522 3841 687 3909 angl„
713 3840 843 3894 edit.
870 3844 1110 3907 Pourrat,
1140 3861 1199 3913 p.
1226 3842 1373 3913 245.)
1389 3845 1608 3896 —Eum
1651 3863 1732 3897 em
1758 3841 2169 3912 descriptionum
2195 3840 2427 3891 furorem

399 3912 459 3964 in
501 3912 683 3964 litteris
713 3914 944 3966 romanis
962 3916 1068 3983 jam
1100 3914 1475 3968 inclinantibus
1499 3912 1826 3985 deprehendi
1860 3912 2062 3983 optime
2106 3911 2437 3963 demonstrat

398 3982 610 4037 Nisard.
639 3985 834 4052 (Poe'tes
858 3984 985 4036 dola
1011 3984 1303 4051 ddcadence,
1323 3985 1430 4037 vol.
1460 3986 1538 4054 Ι.)

476 4054 491 4083 ¹
527 4054 590 4106 C.
622 4072 712 4109 xx.
