2900 4678
1243 312 1636 383 ...55.....

438 437 734 505 internas
783 434 889 505 vel
940 459 981 504 a
1025 437 1338 506 Materno
1394 450 1700 505 externas
1742 435 2072 506 indicatas
2115 453 2453 534 corrupte

433 532 837 629 eloquentiae
889 535 1138 603 causas¹
1160 585 1180 624 ,
1236 532 1775 632 &stendissequffi
1828 533 2006 629 apud
2045 538 2454 607 recentiores

433 656 576 702 non
623 633 780 702 satis
816 652 1062 727 pueros
1085 629 1361 727 publico
1412 630 1812 727 privatoque
1847 631 1982 726 juri
2039 647 2109 704 et
2154 635 2452 705 historiae

434 729 809 800 ediscendis
852 755 922 800 se
963 727 1385 820 dedere3'vel
1417 732 1735 799 Materno
1769 730 2277 821 assentientem,
2314 731 2454 804 elo-

432 830 822 924 quentiam,
868 853 1008 898 uno
1053 843 1424 924 regnante,
1477 829 1937 919 obmutuisse3
1987 854 2137 925 quae
2175 830 2451 926 quidem

433 943 887 1022 congruerent
930 951 1084 998 cum
1119 928 1201 996 iis
1243 950 1393 1021 quae
1433 926 1614 1022 apud
1661 928 1984 998 Nostrum
2022 931 2456 1022 reperiuntur

437 1052 475 1093 «
527 1050 737 1120 quum
796 1024 1043 1120 singuli
1095 1025 1390 1096 diversas
1437 1024 1542 1096 vel
1591 1025 1856 1094 easdem
1904 1025 2019 1094 sed
2067 1027 2455 1119 probabiles

434 1139 659 1193 tamen
705 1122 1057 1194 adferrent
1098 1148 1328 1194 causas
1357 1125 1403 1192 ².
1467 1149 1503 1190 υ
1555 1125 1727 1192 Ecce
1779 1136 2001 1192 autem
2050 1116 2157 1193 his
2212 1149 2456 1219 parum

430 1235 832 1311 contentus,
893 1229 1115 1292 novas
1145 1218 1402 1316 aliquas
1441 1218 1590 1291 lites
1636 1220 1911 1291 suscitat
1949 1224 2451 1314 Heumannus⁸,

433 1321 553 1415 qui
624 1317 947 1390 miratur‘
984 1320 1422 1390 vehementer
1495 1319 1838 1388 neminem
1917 1319 2303 1391 observasse
2384 1323 2458 1392 in

431 1443 584 1514 cap.
626 1442 718 1488 η
764 1433 922 1488 ante
953 1417 1159 1488 verba
1169 1468 1314 1489 .....
1355 1419 1570 1487 «Non
1616 1415 1702 1485 de
1743 1418 1959 1486 otiosa
1998 1436 2074 1486 re
2111 1419 2227 1487 sed
2236 1471 2383 1489 .....
2415 1444 2451 1488 >2

435 1517 1082 1613 ingentem-hiatum,
1104 1541 1314 1611 quum
1337 1531 1565 1586 tamen
1590 1515 2039 1609 praecedentia
2066 1517 2271 1587 verba
2290 1518 2451 1609 sint,

436 1630 513 1685 ut
543 1617 665 1705 ait,
703 1614 1004 1684 Messalae
1041 1636 1310 1701 causam
1337 1613 1754 1708 eloquentiae
1775 1614 2031 1709 agentis
2051 1636 2080 1703 ,·
2110 1616 2459 1711 sequentia

432 1738 597 1783 vero
646 1714 942 1782 Materni
987 1713 1106 1806 qui
1155 1726 1750 1782 contra'oratores
1806 1728 2190 1806 eorumque.
2239 1730 2455 1783 artem

433 1811 641 1884 verba
697 1811 938 1900 faciat,
992 1811 1062 1879 id
1112 1810 1296 1906 quod
1339 1834 1409 1880 se
1449 1810 1788 1879 facturum
1826 1832 2029 1905 supra
2065 1810 2262 1881 initio
2289 1818 2460 1907 'pro-
2529 1887 2548 1891 ,

433 1908 764 1980 miserit⁸z
812 1908 1179 1983 manifeste
1213 1908 1424 2003 igitur
1477 1909 1588 1977 hic
1638 1906 1973 2001 permulta
2013 1908 2332 1979 excidisse
2380 1932 2459 1980 ac

432 2004 735 2099 Messalae
771 2008 1163 2095 orationem,
1198 2005 1361 2095 fine,
1400 2005 1697 2075 Materni
1731 2006 2010 2075 exordio
2044 2030 2309 2097 carere3
2361 2005 2460 2076 illi

432 2128 737 2175 assensus
783 2121 884 2174 est
914 2105 1259 2174 Be'kkerus
1297 2105 1413 2198 qui
1458 2103 1913 2198 praecedentia
1947 2104 2153 2174 verba
2199 2131 2341 2175 non
2384 2121 2461 2176 ut

437 2207 878 2274 Heumannus
910 2201 1213 2272 Messalae
1245 2201 1360 2271 sed
1388 2202 1701 2271 Secundo
1737 2202 2017 2290 tribuit,
2050 2222 2271 2298 neque
2304 2201 2462 2274 lon-

434 2327 588 2398 gam
612 2316 838 2371 censet
859 2325 1000 2370 esse
1028 2299 1362 2389 lacunam,
1390 2298 1514 2370 sed·
1536 2301 1765 2395 paucis
1795 2313 2058 2369 tantum
2091 2301 2462 2372 deficienti-

435 2402 588 2488 buS,
612 2400 725 2469 hic
752 2398 1051 2468 Materni·
1075 2398 1376 2493 incipere
1410 2399 1790 2468 orationem
1824 2421 1863 2465 «
1882 2400 2038 2469 Non
2062 2398 2146 2468 de
2174 2399 2392 2471 otiosa
2416 2427 2454 2469 u

441 2526 479 2567 α
520 2502 960 2568 Heumannus
1015 2496 1236 2586 enim,
1298 2496 1523 2591 inquit
1554 2547 1574 2586 ,
1632 2496 1805 2566 bene
1859 2510 2269 2593 cognoverat
2322 2521 2460 2570 non

437 2596 736 2693 ejusdem
789 2595 1088 2666 hominis
1134 2594 1341 2665 verba
1380 2617 1523 2665 esse
1574 2614 1767 2688 posse
1819 2615 1969 2690 quae
2018 2597 2455 2687 antecedant,

439 2718 722 2791 qumque
749 2705 1147 2789 sequantur,
1176 2713 1387 2787 quum
1411 2694 1485 2762 in
1513 2692 2072 2764 antecedentibus
2094 2719 2293 2767 causa
2315 2694 2458 2765 elo-

1327 2850 1345 2893 Ι

516 2952 532 2983 ⁸
571 2950 726 3008 Conf.
751 2948 816 3005 'in
839 2950 1063 3004 Brotieri
1090 2969 1190 3022 sup
1229 2951 1461 3005 lemento
1482 2967 1611 3022 quas
1642 2965 1905 3023 corruptae
1936 2953 2247 3023 eloquentiae
2283 2967 2463 3011 causas

438 3019 582 3099 apud
619 3040 742 3076 eum
763 3025 967 3095 profert
994 3023 1166 3076 Secun
1208 3041 1286 3075 us.
1313 3021 1372 3080 C.
1399 3041 1558 3089 1v,rv,
1586 3042 1660 3090 vl,
1692 3042 1789 3090 vn,
1815 3042 1930 3088 vm,
1964 3042 2039 3078 1x.

510 3096 536 3127 ⁹
567 3096 718 3151 Nihil
739 3113 804 3148 ex
821 3096 904 3148 his
927 3095 1102 3150 verbis
1124 3095 1265 3148 effici
1287 3093 1564 3148 contendit
1585 3095 1835 3151 Ritterus.
1858 3095 2088 3148 Messalas
2105 3089 2317 3166 quidem
2338 3111 2459 3149 ora-

368 3209 373 3213 ·
442 3170 634 3222 tionem
671 3168 781 3221 fine
805 3183 1004 3233 carere,
1044 3166 1349 3221 Secundum
1363 3179 1553 3225 ,autem
1576 3181 1690 3219 non
1720 3186 1829 3220 esse
1853 3168 2091 3222 locutum
2125 3168 2200 3222 sic
2240 3168 2461 3222 demon·

441 3254 601 3293 strare
640 3253 864 3292 conatur
892 3257 905 3293 t
932 3259 961 3292 <‹
994 3239 1115 3293 Non
1147 3253 1222 3292 est
1257 3239 1368 3310 ipse
1404 3237 1679 3291 Secundus
1710 3244 1803 3309 qui
1834 3257 1889 3292 se
1922 3238 2191 3292 dicturum
2224 3240 2302 3293 ibi
2332 3251 2461 3313 pro-

439 3312 614 3378 mittit,
643 3307 737 3365 sed
760 3312 1030 3364 Maternus
1047 3311 1312 3382 pollicitus
1330 3321 1407 3363 est
1423 3327 1477 3362 se
1495 3323 1545 3368 et
1564 3310 1870 3364 Secundum
1891 3324 2226 3365 exsecuturos
2246 3332 2353 3365 esse
2374 3330 2463 3367 eas
2525 3321 2532 3322 ’

436 3396 609 3457 partes
632 3403 761 3453 quas
789 3384 1141 3437 intellexerint
1169 3401 1292 3436 eum
1312 3399 1425 3435 non
1455 3395 1564 3435 tam
1592 3383 1825 3436 omisisse
1854 3399 2011 3454 quam
2037 3384 2137 3436 sibi
2161 3384 2427 3455 reliquisse
2445 3406 2457 3418 ·

436 3475 553 3526 quae
570 3469 646 3507 est
660 3455 961 3509 honorifica
977 3455 1432 3521 commemoratio,
1452 3455 1586 3507 nihil
1608 3456 1864 3526 amplius5
1888 3454 1979 3507 sed
1999 3457 2208 3527 gravius
2228 3427 2464 3527 estquod

440 3546 505 3580 ex
528 3527 635 3581 fine
671 3527 880 3598 Dialogi
914 3527 1111 3598 legenti
1147 3539 1369 3598 apparet
1403 3526 1705 3579 Secundum
1725 3546 1836 3579 non
1879 3546 1986 3580 esse
2024 3529 2289 3593 locutum;
2338 3546 2464 3581 nam
2501 3560 2505 3565 -

439 3599 713 3651 Maternus
732 3613 854 3671 post
877 3599 1083 3652 finitam
1095 3600 1393 3651 orationem
1410 3597 1623 3670 Aprum
1645 3601 1969 3671 complexus»,
1991 3600 2102 3652 fore
2124 3598 2253 3651 dicit
2278 3610 2335 3650 ut
2352 3599 2465 3671 ipse

442 3673 649 3739 Aprum
662 3673 850 3742 poetis,
881 3672 1106 3724 Messala
1119 3670 1367 3724 eumdem
1382 3671 1689 3742 antiquariis
1705 3669 2087 3727 criminaretur.
2121 3670 2223 3724 Sed
2240 3673 2382 3741 Aper
2394 3667 2464 3723 ad

441 3742 741 3796 Maternum
783 3757 833 3797 et
879 3744 1156 3810 Messalam
1201 3762 1485 3797 conversus
1514 3763 1527 3799 ε
1563 3745 1676 3814 Ego
1710 3743 1894 3813 inquit¹
1915 3762 2008 3796 vos
2048 3742 2370 3807 rhetoribus,
2414 3755 2466 3796 et

442 3811 781 3874 scholasticis.
829 3813 995 3867 Vides
1023 3832 1205 3867 omnes
1229 3815 1321 3886 qui
1356 3814 1522 3867 locuti
1556 3828 1677 3867 sunt
1704 3813 2124 3883 commemorari,
2161 3812 2465 3868 Secundum

441 3898 744 3955 ceterosque
760 3926 777 3953 ,
807 3887 898 3956 qui
934 3886 1210 3940 audierant
1231 3915 1259 3954 ,⁷
1282 3887 1489 3939 silentio
1519 3886 1818 3939 transmitti.
1851 3902 1877 3935 »
1913 3883 1930 3956 (
1945 3885 2130 3951 Ritter,
2158 3886 2213 3939 in
2237 3884 2469 3940 editione

439 3975 664 4029 operum
687 3958 861 4011 Taciti
882 3958 1151 4012 Orelliana
1173 3958 1376 4022 Turici‚
1406 3960 1567 4025 1848,
1591 3970 1632 4011 t.
1658 3959 1734 4023 ΙΙ,
1760 3978 1817 4029 p.
1842 3956 2002 4030 528.)
2487 3961 2502 3966 “

509 4030 534 4131 ἰ
569 4029 698 4155 ἕίᾶ.
729 4031 1055 4099 Schulzimn,
1078 4051 1137 4104 p.
1169 4033 1292 4086 160.
1314 4031 1473 4087 Nota.

621 4139 634 4153 ο
660 4120 772 4159 xvl.
