2900 4678
1357 306 1701 373 -g-

516 426 831 495 colendas
884 428 1244 496 convenire
1300 453 1438 497 non
1498 432 1731 522 possit.
1788 430 2088 523 Epistola
2135 431 2248 502 illa
2298 446 2528 525 poste·

517 518 698 610 rior,
750 539 823 591 ut
867 549 907 592 a
940 524 1202 611 Plinio,
1261 550 1413 595 cum
1465 525 1629 595 aliis·
1649 527 1943 620 ejusdem
1992 529 2291 622 epistolis
2328 529 2530 624 plane

514 636 792 713 pugnat.
838 623 958 689 Sin
996 623 1298 691 Tacitum
1330 639 1678 693 auctorem
1717 649 1950 716 ponaS,
1993 629 2221 699 omnia
2272 628 2534 720 optime

516 715 923 786 solvuntur¹.
971 744 1004 783 υ
1300 804 1303 805 7

613 814 968 891 Subtiliter
1004 832 1072 886 et
1103 830 1292 885 acute
1322 818 1538 886 fateor
1570 820 1713 889 haec
1734 818 1932 911 objici
1961 834 2028 887 et
2059 819 2205 887 fieri
2237 845 2429 911 posse
2452 836 2531 888 ut

515 910 912 1005 quibusdam
943 937 1085 981 rem
1115 938 1254 982 non
1282 913 1480 983 altius
1504 916 1965 1007 perscrutatis,
1988 917 2217 985 fucum
2240 918 2523 1004 faciant;

519 1033 639 1076 nos
679 1025 904 1078 autem
941 1034 1181 1083 vanam
1218 1010 1398 1079 illam
1441 1037 1789 1081 censemus
1839 1015 2524 1107 argumentationem,

515 1104 853 1198 Pliniique
872 1131 1011 1176 esse
1035 1122 1388 1202 utramque
1410 1108 1762 1201 epistolam
1783 1110 1922 1202 jam
1948 1110 2043 1179 sic
2066 1110 2534 1180 demonstrare

515 1203 944 1273 conabimur²
970 1231 990 1269 r

617 1305 686 1370 4⁰
719 1303 1095 1395 Utramque
1131 1301 1481 1395 epistolam
1517 1328 1656 1370 non
1686 1304 1944 1391 Tacito,
1974 1304 2090 1373 sed
2126 1304 2350 1373 Plinio
2380 1328 2530 1374 om-

519 1419 633 1464 nes
667 1397 932 1466 codices
966 1399 1403 1491 manuscripti
1437 1398 1880 1491 adjudicant’.

615 1497 688 1562 2⁰
719 1496 873 1564 Non
926 1493 1283 1564 verisimile
1332 1512 1430 1564 est
1475 1494 1684 1565 solam
1720 1494 1902 1566 illam
1930 1498 2147 1567 Taciti
2177 1497 2534 1591 epistolam

518 1591 696 1658 inter
730 1590 932 1659 Plinii
969 1590 1284 1688 epistolas
1312 1593 1678 1687 irrepsisse.

615 1689 687 1758 3⁰
726 1688 931 1776 Quod
961 1692 1015 1758 si
1049 1690 1262 1758 Taciti
1307 1706 1407 1759 est
1455 1692 1790 1785 posterior
1833 1689 2146 1785 epistola,
2191 1692 2306 1785 qui
2343 1691 2420 1759 fit
2454 1707 2533 1767 ut
2612 1704 2622 1711 “

521 1798 657 1851 tam
702 1783 905 1879 longo
947 1785 1303 1857 intervallo
1336 1786 1425 1882 (l.
1487 1791 1555 1875 I,
1600 1813 1713 1877 Vl}
1756 1787 1873 1857 lib.
1915 1791 2048 1874 IX,
2086 1788 2172 1882 x)
2208 1788 2413 1856 distet
2445 1787 2532 1857 ab

520 1880 631 1949 illa
666 1881 895 1967 Plinii,
939 1886 1044 1954 cui
1086 1885 1484 1979 respondet,
1523 1910 1730 1978 quum
1759 1884 1969 1954 soleat
2007 1883 2118 1954 ille
2151 1886 2531 1954 rescriben-

517 1978 687 2047 tium
731 1979 986 2051 litteras
1023 1984 1158 2052 suis
1186 1983 1514 2052 continuo
1549 1982 1970 2051 subnectere.
2531 2005 2539 2013 ’

615 2077 688 2146 4⁰
739 2077 996 2147 Plinius
1041 2095 1322 2148 testatur
1356 2081 1461 2149 se⁴
1494 2078 1752 2148 litteras
1784 2103 1935 2147 suas
1967 2077 2309 2173 collegisse
2346 2077 2535 2147 nullo

516 2191 779 2243 servato
800 2178 1124 2268 temporis
1148 2176 1430 2245 ordine:
1465 2203 1498 2241 «
1527 2201 1744 2268 neque
1772 2177 1952 2243 enim
1970 2229 1988 2264 ,
2024 2178 2153 2263 ait,
2183 2177 2534 2245 historiam

518 2273 1035 2366 componebam,
1068 2274 1180 2344 sed
1211 2290 1287 2343 ut
1316 2298 1599 2368 quaeque
1631 2273 1701 2342 in
1735 2298 1971 2343 manus
2002 2289 2304 2344 venerat.
2333 2301 2367 2339 »
2391 2275 2531 2342 Ita-

517 2394 649 2461 que
686 2372 740 2439 si
785 2372 934 2464 quis
971 2371 1284 2465 epistolas
1324 2371 1472 2441 illas
1502 2398 1579 2441 ea
1617 2387 1842 2440 mente
1878 2371 2178 2467 perlegat
2215 2388 2533 2465 tanquam

518 2466 773 2536 scilicet
806 2470 1004 2561 epist.
1044 2472 1178 2556 IX,
1214 2496 1290 2549 Χ,
1333 2470 1585 2564 scripta
1620 2468 1829 2538 fuerit
1866 2485 2023 2539 ante
2069 2471 2266 2563 epist.
2306 2471 2379 2555 I,
2415 2492 2529 2556 vt,

520 2566 750 2633 omnia
783 2567 1036 2658 optime
1073 2568 1252 2638 inter
1282 2592 1352 2635 se
1389 2583 1800 2660 congruunt.

576 2656 875 2762 ¹'Plinius
912 2663 1130 2752 enim,
1171 2679 1408 2757 utpote
1440 2665 1696 2733 timidae
1728 2663 1975 2733 indolis
2014 2680 2079 2733 et
2114 2678 2355 2732 natura
2388 2661 2535 2756 pla-

518 2759 919 2851 cidissimus,
953 2786 1193 2856 parum
1222 2762 1688 2832 erat.venandi
1721 2762 2093 2850 studiosus;
2134 2763 2300 2855 quin
2335 2762 2540 2843 etiam

517 2859 843 2951 seriptum
878 2860 1008 2928 hoc
1043 2860 1113 2927 in
1147 2885 1215 2928 se
1245 2861 1463 2954 ipsum
1499 2885 1539 2929 a
1563 2857 1875 2928 Martiale
1902 2862 2308 2928 memorat⁸2
2401 2947 2412 2952 -

835 3023 1006 3078 Totos
1035 3019 1131 3078 dat
1159 3019 1372 3077 tetricae
1400 3018 1522 3078 dies
1549 3019 1824 3077 Minervae
1848 3018 1888 3074 θ.

593 3208 604 3235 ¹
646 3205 976 3258 Probabilius
999 3223 1121 3256 sane
1141 3205 1299 3256 verba
1315 3206 1422 3268 illa,
1443 3205 1736 3255 Minervam
1763 3216 1811 3254 et
1829 3203 2051 3255 Dianam
2077 3202 2274 3272 pariter
2290 3198 2541 3264 colendas

514 3289 564 3327 et
585 3293 669 3328 eas
683 3276 839 3327 simul
853 3276 1120 3327 montibus
1137 3276 1393 3340 inerrare,
1415 3276 1470 3327 in
1491 3274 1717 3344 quadam
1736 3273 1801 3325 ad
1820 3274 2046 3325 Plinium
2064 3294 2092 3326 a
2115 3273 2303 3324 Tacito
2320 3271 2539 3341 epistola

514 3359 764 3416 usurpata
792 3348 948 3398 fuisse
968 3386 984 3410 ,
1021 3364 1184 3414 eaque
1207 3366 1237 3399 a
1260 3348 1435 3398 Plinio
1459 3346 1673 3398 rescribi
1704 3358 1761 3396 ut
1783 3345 2075 3397 ostenderet
2104 3345 2275 3396 amico
2300 3361 2397 3398 suo
2413 3360 2534 3396 eum

514 3435 625 3467 non
648 3436 860 3482 errasse,
888 3434 1051 3484 quum
1075 3418 1186 3467 haec
1200 3417 1462 3470 suaderet.
1733 3472 1736 3480 ¹
1961 3463 1972 3473 .
2095 3477 2098 3478 7

587 3489 609 3516 ²
639 3486 1002 3555 Laetiquidem
1026 3488 1306 3538 fatebimur
1332 3507 1428 3539 nos
1453 3488 1508 3538 in
1531 3488 1631 3538 hac
1665 3485 1730 3537 de
1758 3485 1965 3537 duobus
1990 3485 2145 3535 Plinii
2170 3483 2397 3553 epistolis
2423 3482 2533 3534 dis·
2565 3486 2576 3490 ἱ

517 3559 783 3629 putatione
796 3559 1017 3608 multum
1030 3555 1223 3608 debere
1239 3559 1440 3627 Eggero
1460 3572 1561 3610 tam
1576 3556 2053 3609 raraehumanitatis
2069 3568 2118 3606 et
2130 3554 2381 3606 doctrinae
2399 3555 2533 3607 viro.

585 3629 608 3658 ⁸
638 3629 985 3697 Manusrript.
1027 3627 1273 3680 codicum
1303 3630 1664 3681 auctoritatem
1703 3627 1994 3697 gravissimi
2028 3639 2076 3677 et
2119 3624 2404 3677 doctissimi
2434 3625 2536 3676 viri

515 3702 933 3769 amplectuntur:
956 3700 1315 3750 Casaubonus.
1344 3729 1412 3740 -·—
1437 3701 1717 3752 Gesnerus.
1748 3727 1818 3738 -·—-
1839 3698 2098 3767 bangius:
2113 3725 2183 3735 -—-
2206 3694 2535 3747 Eisrhtadius

518 3769 608 3839 (V.
632 3772 839 3823 Schulz.
867 3771 974 3821 loc.
1002 3769 1189 3839 laud.).
1212 3800 1281 3810 -
1302 3772 1586 3833 Brffiierus,
1614 3795 1685 3809 ——2-
1703 3783 1751 3821 et
1777 3770 2077 3839 nuperrime
2103 3768 2350 3819 Nicolaiis
2369 3765 2529 3817 Bach.
2552 3767 2571 3771 ’”

514 3842 653 3894 Vide
675 3842 979 3909 Allgemeine
1002 3842 1358 3910 Sclmlzeittmg,
1388 3844 1542 3906 1831,
1581 3861 1634 3911 p.
1665 3842 1787 3906 366,
1813 3842 1913 3891 loc.
1944 3840 2032 3889 cit.
2081 3907 2088 3912 .
2153 3849 2162 3853 “

584 3913 608 3943 ⁴
646 3916 806 3983 Epist.
833 3913 872 3967 l.
895 3915 944 3977 I,
967 3931 1006 3965 1.

578 3985 601 4014 ⁸
639 3986 799 4055 Epist.
828 3983 932 4046 111,
958 4002 1062 4034 xx1.

530 4057 535 4062 “
585 4057 607 4086 ⁶
644 4053 895 4105 Martialis
919 4055 1219 4123 Epignjx,
1252 4074 1356 4105 xix.
