2900 4678
1261 322 1607 386 ..-5....

433 460 578 516 tum
606 444 928 515 Germani
949 457 1359 540 regnantur.
1383 444 1465 508 In
1492 428 1826 508 German.
1860 462 2131 532 quoque
2158 462 2219 507 c.
2257 461 2390 506 va
2424 464 2438 505 r

433 544 510 611 in
558 557 831 612 tantum
886 541 1223 635 reperitur
1264 562 1390 632 pro
1428 564 1443 605 :
1479 552 1767 609 tantum.
1815 538 1968 604 «In
1999 549 2274 604 tantum
2306 558 2447 603 non

431 638 640 707 modo
677 663 714 707 a
750 638 1084 724 libertate,
1116 635 1231 705 sed
1263 636 1464 704 etiam
1508 658 1548 702 a
1579 634 1901 702 servitute
1937 632 2372 726 degenerant.
2409 659 2444 696 n

528 739 761 805 Restat
793 735 1259 828 gravissimum
1291 757 1419 825 pro
1464 733 1701 799 Tacito
1736 731 2065 823 scriptore
2099 752 2451 822 argumen-

432 846 574 901 tum
626 833 812 925 quod
861 831 1132 924 quidem
1181 830 1440 923 primus
1489 828 1794 896 omnium
1839 826 2169 919 Langius¹
2202 825 2453 894 detexit

430 944 500 996 et
536 929 608 996 in
660 927 879 996 lucem
923 927 1252 1021 prodidit,
1301 925 1621 1019 quodque
1664 925 2096 992 vehementer
2135 922 2448 1014 equidem

431 1025 647 1093 miror
690 1050 730 1093 a
771 1023 1111 1112 Schulzi0,
1149 1025 1620 1116 Dupraeoque‚
1660 1021 1775 1115 qui
1813 1020 1953 1088 fere
1992 1016 2166 1094 nihil
2209 1019 2278 1085 in
2327 1020 2451 1088 hac

431 1121 892 1214 disputatione
912 1120 1408 1212 inexploratum
1433 1115 1793 1209 reliquere,
1819 1116 2020 1183 fuisse
2044 1113 2445 1208 neglectum.

431 1219 671 1308 Itaque
705 1216 1106 1309 expediendi
1142 1213 1309 1284 illud
1346 1230 1414 1287 et
1439 1212 1842 1305 explicandi,
1882 1213 1993 1280 hic
2020 1211 2245 1310 forsan
2269 1211 2454 1280 locus

434 1311 664 1381 fuerit.
2195 1344 2204 1349 ·

529 1408 843 1501 Legimus
871 1407 1051 1500 apud
1082 1406 1374 1477 Plinium
1409 1408 1641 1475 Tacito
1677 1430 1799 1474 suo
1828 1403 2238 1474 scribentem
2274 1430 2288 1472 ε

530 1531 569 1571 α
608 1507 844 1598 Itaque
873 1520 1183 1598 poemata
1215 1505 1569 1598 quiescunt
1588 1527 1737 1596 quae
1766 1518 1841 1571 tu
1869 1503 2047 1570 inter
2068 1525 2362 1571 nemora
2384 1519 2456 1573 et

433 1600 624 1670 lacos
645 1601 1184 1670 commodissime
1213 1601 1445 1696 perfici
1472 1605 1722 1694 putas².
1763 1600 1990 1688 »Quae
2016 1599 2221 1668 verba
2254 1598 2337 1667 ad
2375 1624 2453 1668 ea

431 1721 570 1766 esse
597 1698 953 1780 referenda
971 1698 1292 1767 videntur
1310 1723 1460 1791 quae
1484 1698 1550 1766 in
1581 1697 1862 1793 Dlhlog.
1893 1721 1954 1766 e.
1984 1720 2058 1764 1x
2084 1694 2401 1790 leguntur
2428 1723 2444 1764 z

436 1822 471 1860 «
512 1794 748 1888 Adjice
762 1796 946 1888 quod
970 1797 1211 1889 poetis,
1229 1796 1283 1863 si
1304 1795 1510 1864 modo
1530 1793 1813 1889 dignum
1833 1792 2084 1887 aliquid
2102 1792 2453 1862 elaborare

434 1919 483 1957 «-
510 1907 579 1960 et
607 1891 875 1961 efficere
895 1892 1131 1981 velint,
1160 1891 1606 1985 relinquenda
1631 1891 2058 1961 conversatio
2079 1891 2449 1960 amicorum

433 2016 470 2054 «
507 2003 578 2057 et
617 1988 1008 2081 jucunditas
1045 1989 1259 2077 urbis,
1288 1987 1660 2058 deserenda
1695 2003 1918 2057 cetera
1951 1985 2201 2073 officia,
2239 2002 2451 2081 utque

433 2111 469 2151 α
511 2086 637 2178 ipsi
671 2085 927 2169 dicunt,
959 2086 1027 2154 in
1050 2110 1327 2155 nemora
1359 2101 1426 2154 et
1455 2084 1664 2172 lucOS,
1693 2085 1761 2154 id
1797 2099 1897 2153 est
1923 2086 1990 2152 in
2015 2082 2447 2162 solitudinem

431 2208 466 2248 «
508 2182 958 2265 recedendum
1014 2198 1152 2270 est3
1196 2209 1232 2249 n
1269 2196 1337 2251 et
1370 2182 1530 2251 alibi
1565 2185 1915 2251 Maternus
1941 2182 2112 2275 Apri
2149 2182 2446 2251 orationi

427 2273 844 2373 respondens
906 2280 999 2374 (c.
1063 2279 1205 2375 xn)
1255 2306 1271 2350 ε
1328 2308 1366 2346 «
1409 2285 1723 2351 Nemora
1778 2303 1934 2349 vero
1986 2293 2058 2349 ec
2108 2277 2250 2349 laci
2296 2304 2445 2373 quae

426 2378 614 2470 Aper
659 2377 1050 2470 increpabat
1095 2392 1350 2446 tantam
1395 2377 1562 2445 mihi
1596 2377 1895 2445 afferunt
1925 2374 2339 2470 voluptatem
2373 2393 2450 2446 ut
2549 2444 2553 2450 .

429 2474 611 2556 inter
658 2467 1036 2567 praecipuos
1074 2475 1453 2543 carminum
1488 2473 1746 2543 fructus
1781 2496 2221 2543 annumerem
2260 2473 2443 2567 quod

427 2570 642 2638 necin
668 2571 981 2664 strepitu,
1005 2595 1130 2641 nec
1147 2570 1424 2640 sedente
1458 2585 1613 2639 ante
1645 2572 1894 2640 ostium
1925 2569 2288 2663 litigatore,
2320 2595 2446 2640 nec

427 2668 607 2766 inter
660 2667 892 2762 sordes
930 2683 1000 2737 et
1050 2667 1373 2763 lacrymas
1423 2692 1695 2737 reorum
1745 2683 2274 2760 componuntur,
2325 2669 2441 2738 sed

426 2763 681 2832 recedit
714 2766 977 2838 animus
1011 2767 1081 2833 in
1117 2764 1262 2836 loca
1297 2785 1469 2861 pura
1496 2765 1700 2859 atque
1734 2765 2121 2834 innocentia
2162 2765 2445 2836 fruitur-

427 2884 561 2953 que
595 2861 864 2930 sedibus
898 2865 1127 2931 saeris.
1165 2892 1198 2927 υ
2283 2935 2287 2939 .

525 2960 702 3027 Bene
770 2958 980 3053 igitur
1032 2985 1101 3028 se
1168 2985 1274 3030 res
1326 2960 1658 3048 haberet3
1722 2961 1835 3028 sed
1901 2984 2054 3030 ecce
2132 2962 2237 3028 vir
2298 2985 2437 3029 non

425 3053 642 3122 infimi
674 3077 837 3124 sane
869 3056 1205 3143 subsellii,
1251 3082 1392 3126 nos·
1401 3058 1542 3150 jam
1575 3058 1819 3127 ultimo
1866 3057 1982 3126 illo
2034 3071 2184 3125 tam,
2216 3059 2438 3151 magni

422 3153 749 3221 momenti
787 3171 1185 3247 argumento
1218 3153 1657 3242 exsultanteS,
1697 3155 1885 3247 quasi
1913 3180 2119 3223 manu
2156 3155 2434 3247 injecta,

422 3263 755 3337 moratur,
796 3250 958 3318 dum
987 3251 1290 3320 eamdem
1317 3253 1509 3319 istam
1530 3252 1883 3345 epistolam
1916 3276 2054 3319 non
2079 3249 2301 3320 Plinio
2324 3253 2440 3345 sed

420 3344 652 3415 Tacito
708 3347 837 3440 ipsi
886 3372 1029 3416 esse
1071 3348 1586 3441 adjudicandam
1641 3350 2052 3443 argumentis
2088 3350 2246 3419 satis
2293 3375 2441 3444 spe-

418 3440 614 3511 ciosis
647 3445 1081 3514 vehementer
1104 3431 1472 3586 contentit
1496 3448 1539 3513 ⁸.

448 3687 454 3692 ’
494 3694 510 3723 ·
551 3687 1428 3765 V.Ed1t.ore11ii.‘rarici,1830,
1460 3673 1515 3769 p'.
1549 3687 1647 3751 sio
1673 3718 1780 3769 seq.

487 3765 511 3794 ¹
541 3765 661 3817 Lib.
688 3767 788 3832 IX,
815 3765 900 3837 e'p.
925 3787 976 3823 x,

487 3836 509 3865 ³
542 3835 895 3903 Gutmannus,
914 3841 1190 3891 Dissertat.
1221 3858 1325 3908 qua
1348 3838 1518 3890 Taciti
1547 3840 1806 3906 Dialogum
1824 3857 1936 3889 non
1965 3856 2073 3889 esse
2105 3837 2438 3893 demonstra-

415 3918 529 3970 και-ς
558 3905 614 3957 in
640 3906 765 3959 edit.
798 3910 961 3961 Orell.
990 3911 1171 3962 Turici
1192 3949 1206 3974 ,
1245 3912 1401 3972 1830,
1430 3929 1487 3980 p.
1528 3912 1649 3973 ΗΟ,
1674 3906 2138 3976 seq.--Eamdem
2166 3911 2436 3982 epistolam

368 3997 375 4000 „
417 3976 590 4028 Plinio
632 3979 898 4048 abjudicat
945 3983 1238 4051 Dupraeus‚
1293 3981 1583 4047 Tacitoque
1615 3978 1847 4030 vindicat
1876 4018 1889 4042 ,
1940 3998 2003 4029 ex
2042 3981 2228 4049 hisque
2255 3982 2433 4034 verbis

416 4052 651 4098 Poemata
679 4053 944 4120 quiescunt,
991 4052 1068 4102 sui
1098 4050 1360 4121 propositi
1388 4063 1563 4112 tenax,
1613 4048 1890 4100 ostendere
1909 4063 2152 4111 conatur,
2199 4071 2230 4103 a
2250 4051 2436 4102 Tacito
