<?xml version="1.0" encoding="UTF-8"?>
<!DOCTYPE html PUBLIC "-//W3C//DTD XHTML 1.0 Transitional//EN"
    "http://www.w3.org/TR/xhtml1/DTD/xhtml1-transitional.dtd">
<html xmlns="http://www.w3.org/1999/xhtml" xml:lang="en" lang="en">
 <head>
  <title>
</title>
<meta http-equiv="Content-Type" content="text/html;charset=utf-8" />
  <meta name='ocr-system' content='tesseract 3.04.00' />
  <meta name='ocr-capabilities' content='ocr_page ocr_carea ocr_par ocr_line ocrx_word'/>
</head>
<body>
  <div class='ocr_page' id='page_1' title='image "./intacitidialogu00widagoog/intacitidialogu00widagoog_0058.png"; bbox 0 0 2900 4678; ppageno 0'>
   <div class='ocr_carea' id='block_1_1' title="bbox 1352 278 1746 350">
    <p class='ocr_par' dir='ltr' id='par_1_1' title="bbox 1352 278 1746 350">
     <span class='ocr_line' id='line_1_1' title="bbox 1352 278 1746 350; baseline 0 -17"><span class='ocrx_word' id='word_1_1' title='bbox 1352 278 1746 350; x_wconf 68' lang='grc'>...46-</span> 
     </span>
    </p>
   </div>
   <div class='ocr_carea' id='block_1_2' title="bbox 537 401 2579 987">
    <p class='ocr_par' dir='ltr' id='par_1_2' title="bbox 537 401 2579 987">
     <span class='ocr_line' id='line_1_2' title="bbox 537 401 2579 503; baseline -0.003 -26"><span class='ocrx_word' id='word_1_2' title='bbox 537 432 711 503; x_wconf 83' lang='lat' dir='ltr'>quae,</span> <span class='ocrx_word' id='word_1_3' title='bbox 751 420 829 476; x_wconf 91' lang='lat' dir='ltr'>ut</span> <span class='ocrx_word' id='word_1_4' title='bbox 860 428 1063 498; x_wconf 85' lang='lat' dir='ltr'>supra</span> <span class='ocrx_word' id='word_1_5' title='bbox 1104 404 1413 474; x_wconf 86' lang='lat' dir='ltr'>homines</span> <span class='ocrx_word' id='word_1_6' title='bbox 1448 405 1665 498; x_wconf 90' lang='lat' dir='ltr'>posita</span> <span class='ocrx_word' id='word_1_7' title='bbox 1690 416 1816 489; x_wconf 89' lang='lat' dir='ltr'>est,</span> <span class='ocrx_word' id='word_1_8' title='bbox 1853 401 1949 486; x_wconf 81' lang='lat' dir='ltr'>ita</span> <span class='ocrx_word' id='word_1_9' title='bbox 1984 401 2333 471; x_wconf 85' lang='lat' dir='ltr'>hominem</span> <span class='ocrx_word' id='word_1_10' title='bbox 2384 401 2579 472; x_wconf 82' lang='lat' dir='ltr'>infra</span> 
     </span>
     <span class='ocr_line' id='line_1_3' title="bbox 538 498 2577 600; baseline -0.002 -26"><span class='ocrx_word' id='word_1_11' title='bbox 538 506 751 600; x_wconf 83' lang='lat' dir='ltr'><strong>ipsam</strong></span> <span class='ocrx_word' id='word_1_12' title='bbox 772 504 954 597; x_wconf 84' lang='lat' dir='ltr'>cogit</span> <span class='ocrx_word' id='word_1_13' title='bbox 973 502 1368 587; x_wconf 80' lang='lat' dir='ltr'>subsistere3</span> <span class='ocrx_word' id='word_1_14' title='bbox 1394 501 1770 573; x_wconf 86' lang='lat' dir='ltr'>academica</span> <span class='ocrx_word' id='word_1_15' title='bbox 1792 498 2175 593; x_wconf 86' lang='lat' dir='ltr'>disciplina,</span> <span class='ocrx_word' id='word_1_16' title='bbox 2200 499 2371 569; x_wconf 88' lang='lat' dir='ltr'>adeo</span> <span class='ocrx_word' id='word_1_17' title='bbox 2391 514 2577 570; x_wconf 88' lang='lat' dir='ltr'>tem-</span> 
     </span>
     <span class='ocr_line' id='line_1_4' title="bbox 539 597 2579 697; baseline -0.001 -26"><span class='ocrx_word' id='word_1_18' title='bbox 539 617 798 697; x_wconf 86' lang='lat' dir='ltr'>perata,</span> <span class='ocrx_word' id='word_1_19' title='bbox 829 601 999 670; x_wconf 89' lang='lat' dir='ltr'>adeo</span> <span class='ocrx_word' id='word_1_20' title='bbox 1027 624 1242 694; x_wconf 87' lang='lat' dir='ltr'>aequa,</span> <span class='ocrx_word' id='word_1_21' title='bbox 1268 600 1468 687; x_wconf 91' lang='lat' dir='ltr'>adeo,</span> <span class='ocrx_word' id='word_1_22' title='bbox 1493 614 1569 668; x_wconf 91' lang='lat' dir='ltr'>ut</span> <span class='ocrx_word' id='word_1_23' title='bbox 1602 600 1694 668; x_wconf 88' lang='lat' dir='ltr'>ita</span> <span class='ocrx_word' id='word_1_24' title='bbox 1726 597 1972 686; x_wconf 89' lang='lat' dir='ltr'>dicam,</span> <span class='ocrx_word' id='word_1_25' title='bbox 1998 621 2192 667; x_wconf 86' lang='lat' dir='ltr'>cerea</span> <span class='ocrx_word' id='word_1_26' title='bbox 2216 597 2302 667; x_wconf 89' lang='lat' dir='ltr'>ad</span> <span class='ocrx_word' id='word_1_27' title='bbox 2331 623 2579 669; x_wconf 89' lang='lat' dir='ltr'>omnes</span> 
     </span>
     <span class='ocr_line' id='line_1_5' title="bbox 540 695 2579 790; baseline -0.001 -21"><span class='ocrx_word' id='word_1_28' title='bbox 540 700 869 770; x_wconf 87' lang='lat' dir='ltr'>humanas</span> <span class='ocrx_word' id='word_1_29' title='bbox 914 698 1228 766; x_wconf 86' lang='lat' dir='ltr'>libidines</span> <span class='ocrx_word' id='word_1_30' title='bbox 1275 695 1816 784; x_wconf 88' lang='lat' dir='ltr'>accommodari,</span> <span class='ocrx_word' id='word_1_31' title='bbox 1864 696 1969 765; x_wconf 83' lang='lat' dir='ltr'>hae</span> <span class='ocrx_word' id='word_1_32' title='bbox 2025 696 2182 764; x_wconf 85' lang='lat' dir='ltr'>sunt</span> <span class='ocrx_word' id='word_1_33' title='bbox 2230 721 2378 790; x_wconf 85' lang='lat' dir='ltr'>quae</span> <span class='ocrx_word' id='word_1_34' title='bbox 2410 695 2579 766; x_wconf 86' lang='lat' dir='ltr'>solae</span> 
     </span>
     <span class='ocr_line' id='line_1_6' title="bbox 541 793 2578 892; baseline -0.001 -26"><span class='ocrx_word' id='word_1_35' title='bbox 541 797 721 892; x_wconf 88' lang='lat' dir='ltr'>apud</span> <span class='ocrx_word' id='word_1_36' title='bbox 754 800 1096 865; x_wconf 89' lang='lat' dir='ltr'>Romanos</span> <span class='ocrx_word' id='word_1_37' title='bbox 1126 796 1462 865; x_wconf 86' lang='lat' dir='ltr'>civitatem</span> <span class='ocrx_word' id='word_1_38' title='bbox 1494 796 1970 889; x_wconf 89' lang='lat' dir='ltr'>impetrarunt.</span> <span class='ocrx_word' id='word_1_39' title='bbox 2014 793 2251 863; x_wconf 88' lang='lat' dir='ltr'>Defuit</span> <span class='ocrx_word' id='word_1_40' title='bbox 2292 795 2578 889; x_wconf 88' lang='lat' dir='ltr'>spiritus</span> 
     </span>
     <span class='ocr_line' id='line_1_7' title="bbox 542 890 2575 987; baseline -0 -24"><span class='ocrx_word' id='word_1_41' title='bbox 542 909 610 964; x_wconf 85' lang='lat' dir='ltr'>et</span> <span class='ocrx_word' id='word_1_42' title='bbox 655 919 852 964; x_wconf 90' lang='lat' dir='ltr'>verus</span> <span class='ocrx_word' id='word_1_43' title='bbox 896 892 1166 962; x_wconf 87' lang='lat' dir='ltr'>illarum</span> <span class='ocrx_word' id='word_1_44' title='bbox 1203 894 1652 987; x_wconf 77' lang='lat' dir='ltr'>quaestionum</span> <span class='ocrx_word' id='word_1_45' title='bbox 1678 916 1918 979; x_wconf 72' lang='lat' dir='ltr'>vamor3</span> <span class='ocrx_word' id='word_1_46' title='bbox 1962 890 2383 986; x_wconf 80' lang='lat' dir='ltr'>problemata</span> <span class='ocrx_word' id='word_1_47' title='bbox 2428 917 2575 963; x_wconf 87' lang='lat' dir='ltr'>non</span> 
     </span>
    </p>
   </div>
   <div class='ocr_carea' id='block_1_3' title="bbox 428 990 2574 1085">
    <p class='ocr_par' dir='ltr' id='par_1_3' title="bbox 428 990 2574 1085">
     <span class='ocr_line' id='line_1_8' title="bbox 428 990 2574 1085; baseline -0.002 -24"><span class='ocrx_word' id='word_1_48' title='bbox 428 1068 435 1073; x_wconf 48' lang='lat'>‚</span> <span class='ocrx_word' id='word_1_49' title='bbox 544 1017 626 1061; x_wconf 86' lang='lat' dir='ltr'>ex</span> <span class='ocrx_word' id='word_1_50' title='bbox 657 1017 779 1062; x_wconf 92' lang='lat' dir='ltr'>suo</span> <span class='ocrx_word' id='word_1_51' title='bbox 809 991 1086 1085; x_wconf 89' lang='lat' dir='ltr'>ingenio</span> <span class='ocrx_word' id='word_1_52' title='bbox 1120 1005 1237 1060; x_wconf 88' lang='lat' dir='ltr'>aut</span> <span class='ocrx_word' id='word_1_53' title='bbox 1280 990 1607 1059; x_wconf 83' lang='lat' dir='ltr'>doctrinis</span> <span class='ocrx_word' id='word_1_54' title='bbox 1629 1042 1648 1077; x_wconf 93' lang='lat'>,</span> <span class='ocrx_word' id='word_1_55' title='bbox 1680 990 1796 1059; x_wconf 91' lang='lat' dir='ltr'>sed</span> <span class='ocrx_word' id='word_1_56' title='bbox 1831 1014 1912 1057; x_wconf 86' lang='lat' dir='ltr'>ex</span> <span class='ocrx_word' id='word_1_57' title='bbox 1939 1015 2308 1084; x_wconf 83' lang='lat' dir='ltr'>graecarum</span> <span class='ocrx_word' id='word_1_58' title='bbox 2352 991 2574 1058; x_wconf 90' lang='lat' dir='ltr'>inter-</span> 
     </span>
    </p>
   </div>
   <div class='ocr_carea' id='block_1_4' title="bbox 442 1087 2634 2159">
    <p class='ocr_par' dir='ltr' id='par_1_4' title="bbox 442 1087 2634 2159">
     <span class='ocr_line' id='line_1_9' title="bbox 544 1087 2573 1184; baseline -0.001 -26"><span class='ocrx_word' id='word_1_59' title='bbox 544 1089 1005 1184; x_wconf 88' lang='lat' dir='ltr'>pretationum</span> <span class='ocrx_word' id='word_1_60' title='bbox 1044 1087 1321 1157; x_wconf 88' lang='lat' dir='ltr'>modulo</span> <span class='ocrx_word' id='word_1_61' title='bbox 1354 1087 1728 1157; x_wconf 87' lang='lat' dir='ltr'>solvebant.</span> <span class='ocrx_word' id='word_1_62' title='bbox 1762 1090 2144 1156; x_wconf 88' lang='lat' dir='ltr'>Caruerunt</span> <span class='ocrx_word' id='word_1_63' title='bbox 2180 1087 2386 1182; x_wconf 88' lang='lat' dir='ltr'>igitur</span> <span class='ocrx_word' id='word_1_64' title='bbox 2417 1088 2573 1181; x_wconf 86' lang='lat' dir='ltr'>phi-</span> 
     </span>
     <span class='ocr_line' id='line_1_10' title="bbox 542 1182 2573 1280; baseline -0.002 -23"><span class='ocrx_word' id='word_1_65' title='bbox 542 1185 851 1280; x_wconf 87' lang='lat' dir='ltr'>losophia</span> <span class='ocrx_word' id='word_1_66' title='bbox 871 1201 938 1254; x_wconf 92' lang='lat' dir='ltr'>et</span> <span class='ocrx_word' id='word_1_67' title='bbox 954 1184 1215 1254; x_wconf 85' lang='lat' dir='ltr'>indoles</span> <span class='ocrx_word' id='word_1_68' title='bbox 1235 1200 1301 1254; x_wconf 91' lang='lat' dir='ltr'>et</span> <span class='ocrx_word' id='word_1_69' title='bbox 1322 1186 1589 1280; x_wconf 85' lang='lat' dir='ltr'>ingenia</span> <span class='ocrx_word' id='word_1_70' title='bbox 1611 1210 1629 1272; x_wconf 81' lang='lat'><em>3</em></span> <span class='ocrx_word' id='word_1_71' title='bbox 1662 1182 1948 1270; x_wconf 89' lang='lat' dir='ltr'>indoles,</span> <span class='ocrx_word' id='word_1_72' title='bbox 1976 1210 2185 1279; x_wconf 91' lang='lat' dir='ltr'>quum</span> <span class='ocrx_word' id='word_1_73' title='bbox 2213 1200 2347 1253; x_wconf 89' lang='lat' dir='ltr'>tam</span> <span class='ocrx_word' id='word_1_74' title='bbox 2374 1184 2573 1253; x_wconf 85' lang='lat' dir='ltr'>facile</span> 
     </span>
     <span class='ocr_line' id='line_1_11' title="bbox 546 1281 2574 1377; baseline -0.001 -24"><span class='ocrx_word' id='word_1_75' title='bbox 546 1309 585 1354; x_wconf 87' lang='lat' dir='ltr'>a</span> <span class='ocrx_word' id='word_1_76' title='bbox 603 1284 913 1352; x_wconf 89' lang='lat' dir='ltr'>libertate</span> <span class='ocrx_word' id='word_1_77' title='bbox 933 1283 1016 1351; x_wconf 91' lang='lat' dir='ltr'>ad</span> <span class='ocrx_word' id='word_1_78' title='bbox 1043 1284 1489 1371; x_wconf 83' lang='lat' dir='ltr'>servitutem¹,</span> <span class='ocrx_word' id='word_1_79' title='bbox 1515 1282 1598 1351; x_wconf 91' lang='lat' dir='ltr'>ad</span> <span class='ocrx_word' id='word_1_80' title='bbox 1621 1281 2187 1377; x_wconf 86' lang='lat' dir='ltr'>desperationem,</span> <span class='ocrx_word' id='word_1_81' title='bbox 2215 1282 2301 1351; x_wconf 92' lang='lat' dir='ltr'>ad</span> <span class='ocrx_word' id='word_1_82' title='bbox 2321 1282 2574 1351; x_wconf 86' lang='lat' dir='ltr'>foedam</span> 
     </span>
     <span class='ocr_line' id='line_1_12' title="bbox 548 1379 2571 1474; baseline -0.001 -24"><span class='ocrx_word' id='word_1_83' title='bbox 548 1380 995 1450; x_wconf 88' lang='lat' dir='ltr'>humilitatem</span> <span class='ocrx_word' id='word_1_84' title='bbox 1039 1379 1480 1465; x_wconf 85' lang='lat' dir='ltr'>desciverint,</span> <span class='ocrx_word' id='word_1_85' title='bbox 1520 1395 1588 1448; x_wconf 88' lang='lat' dir='ltr'>et</span> <span class='ocrx_word' id='word_1_86' title='bbox 1620 1381 1779 1450; x_wconf 87' lang='lat' dir='ltr'>satis</span> <span class='ocrx_word' id='word_1_87' title='bbox 1815 1381 2048 1474; x_wconf 80' lang='lat' dir='ltr'>patriae</span> <span class='ocrx_word' id='word_1_88' title='bbox 2090 1380 2341 1449; x_wconf 77' lang='lat' dir='ltr'>factum</span> <span class='ocrx_word' id='word_1_89' title='bbox 2384 1381 2571 1449; x_wconf 90' lang='lat' dir='ltr'>arbi·</span> 
     </span>
     <span class='ocr_line' id='line_1_13' title="bbox 550 1477 2578 1566; baseline -0.002 -16"><span class='ocrx_word' id='word_1_90' title='bbox 550 1479 712 1550; x_wconf 88' lang='lat' dir='ltr'>trati</span> <span class='ocrx_word' id='word_1_91' title='bbox 748 1478 909 1566; x_wconf 89' lang='lat' dir='ltr'>sint,</span> <span class='ocrx_word' id='word_1_92' title='bbox 944 1478 998 1546; x_wconf 90' lang='lat' dir='ltr'>si</span> <span class='ocrx_word' id='word_1_93' title='bbox 1029 1493 1316 1546; x_wconf 88' lang='lat' dir='ltr'>mortem</span> <span class='ocrx_word' id='word_1_94' title='bbox 1353 1477 1481 1547; x_wconf 82' lang='lat' dir='ltr'>sihi</span> <span class='ocrx_word' id='word_1_95' title='bbox 1516 1477 1927 1566; x_wconf 86' lang='lat' dir='ltr'>conscirent,</span> <span class='ocrx_word' id='word_1_96' title='bbox 1966 1494 2032 1547; x_wconf 92' lang='lat' dir='ltr'>et</span> <span class='ocrx_word' id='word_1_97' title='bbox 2057 1493 2437 1548; x_wconf 85' lang='lat' dir='ltr'>ceterorum</span> <span class='ocrx_word' id='word_1_98' title='bbox 2466 1479 2578 1546; x_wconf 91' lang='lat' dir='ltr'>in-</span> 
     </span>
     <span class='ocr_line' id='line_1_14' title="bbox 555 1575 2634 1670; baseline 0.002 -24"><span class='ocrx_word' id='word_1_99' title='bbox 555 1576 834 1663; x_wconf 88' lang='lat' dir='ltr'>curiosi,</span> <span class='ocrx_word' id='word_1_100' title='bbox 887 1575 1159 1643; x_wconf 87' lang='lat' dir='ltr'>fortiter</span> <span class='ocrx_word' id='word_1_101' title='bbox 1202 1575 1892 1670; x_wconf 78' lang='lat' dir='ltr'>obirent⁸;&#39;ingenia,</span> <span class='ocrx_word' id='word_1_102' title='bbox 1942 1601 2149 1670; x_wconf 91' lang='lat' dir='ltr'>quum</span> <span class='ocrx_word' id='word_1_103' title='bbox 2200 1592 2337 1645; x_wconf 88' lang='lat' dir='ltr'>tam</span> <span class='ocrx_word' id='word_1_104' title='bbox 2382 1575 2578 1645; x_wconf 88' lang='lat' dir='ltr'>facile</span> <span class='ocrx_word' id='word_1_105' title='bbox 2627 1643 2634 1650; x_wconf 84' lang='lat'>.</span> 
     </span>
     <span class='ocr_line' id='line_1_15' title="bbox 554 1672 2575 1769; baseline 0 -26"><span class='ocrx_word' id='word_1_106' title='bbox 554 1688 827 1767; x_wconf 87' lang='lat' dir='ltr'>tamque</span> <span class='ocrx_word' id='word_1_107' title='bbox 860 1672 998 1743; x_wconf 90' lang='lat' dir='ltr'>cito</span> <span class='ocrx_word' id='word_1_108' title='bbox 1032 1673 1117 1742; x_wconf 89' lang='lat' dir='ltr'>ab</span> <span class='ocrx_word' id='word_1_109' title='bbox 1145 1674 1426 1768; x_wconf 84' lang='lat' dir='ltr'>Augusti</span> <span class='ocrx_word' id='word_1_110' title='bbox 1464 1674 1677 1743; x_wconf 85' lang='lat' dir='ltr'>aetatis</span> <span class='ocrx_word' id='word_1_111' title='bbox 1710 1672 2071 1769; x_wconf 84' lang='lat' dir='ltr'>splendore</span> <span class='ocrx_word' id='word_1_112' title='bbox 2094 1672 2178 1742; x_wconf 89' lang='lat' dir='ltr'>ad</span> <span class='ocrx_word' id='word_1_113' title='bbox 2205 1675 2575 1769; x_wconf 83' lang='lat' dir='ltr'>imperato-</span> 
     </span>
     <span class='ocr_line' id='line_1_16' title="bbox 552 1770 2575 1866; baseline 0 -25"><span class='ocrx_word' id='word_1_114' title='bbox 552 1797 704 1845; x_wconf 80' lang='lat' dir='ltr'>rum</span> <span class='ocrx_word' id='word_1_115' title='bbox 762 1785 1028 1840; x_wconf 81' lang='lat' dir='ltr'>aetatem</span> <span class='ocrx_word' id='word_1_116' title='bbox 1087 1770 1330 1841; x_wconf 88' lang='lat' dir='ltr'>litteris</span> <span class='ocrx_word' id='word_1_117' title='bbox 1392 1773 1729 1841; x_wconf 89' lang='lat' dir='ltr'>funestam</span> <span class='ocrx_word' id='word_1_118' title='bbox 1804 1773 2237 1858; x_wconf 85' lang='lat' dir='ltr'>transierint,</span> <span class='ocrx_word' id='word_1_119' title='bbox 2299 1787 2575 1866; x_wconf 90' lang='lat' dir='ltr'>tamque</span> 
     </span>
     <span class='ocr_line' id='line_1_17' title="bbox 442 1869 2576 1965; baseline 0.001 -28"><span class='ocrx_word' id='word_1_120' title='bbox 442 1950 445 1953; x_wconf 10' lang='grc' dir='ltr'><strong>Α</strong></span> <span class='ocrx_word' id='word_1_121' title='bbox 551 1869 757 1938; x_wconf 92' lang='lat' dir='ltr'>breve</span> <span class='ocrx_word' id='word_1_122' title='bbox 789 1870 1080 1963; x_wconf 87' lang='lat' dir='ltr'>spatium</span> <span class='ocrx_word' id='word_1_123' title='bbox 1108 1870 1288 1962; x_wconf 90' lang='lat' dir='ltr'>apud</span> <span class='ocrx_word' id='word_1_124' title='bbox 1326 1895 1438 1939; x_wconf 93' lang='lat' dir='ltr'>eos</span> <span class='ocrx_word' id='word_1_125' title='bbox 1475 1869 1843 1963; x_wconf 86' lang='lat' dir='ltr'>optimos-a</span> <span class='ocrx_word' id='word_1_126' title='bbox 1881 1870 2182 1964; x_wconf 86' lang='lat' dir='ltr'>pessimis</span> <span class='ocrx_word' id='word_1_127' title='bbox 2210 1870 2576 1965; x_wconf 85' lang='lat' dir='ltr'>&#39;scriptori-</span> 
     </span>
     <span class='ocr_line' id='line_1_18' title="bbox 552 1966 2577 2062; baseline 0.001 -28"><span class='ocrx_word' id='word_1_128' title='bbox 552 1966 678 2036; x_wconf 89' lang='lat' dir='ltr'>bus</span> <span class='ocrx_word' id='word_1_129' title='bbox 705 1966 997 2057; x_wconf 86' lang='lat' dir='ltr'>dividat;</span> <span class='ocrx_word' id='word_1_130' title='bbox 1030 1966 1464 2062; x_wconf 90' lang='lat' dir='ltr'>philosophia</span> <span class='ocrx_word' id='word_1_131' title='bbox 1489 1983 1879 2056; x_wconf 89' lang='lat' dir='ltr'>caruerunt,</span> <span class='ocrx_word' id='word_1_132' title='bbox 1910 1967 1979 2035; x_wconf 89' lang='lat' dir='ltr'>id</span> <span class='ocrx_word' id='word_1_133' title='bbox 2000 1982 2123 2053; x_wconf 90' lang='lat' dir='ltr'>est,</span> <span class='ocrx_word' id='word_1_134' title='bbox 2154 1967 2371 2037; x_wconf 89' lang='lat' dir='ltr'>defuit</span> <span class='ocrx_word' id='word_1_135' title='bbox 2393 1967 2577 2038; x_wconf 91' lang='lat' dir='ltr'>unde</span> 
     </span>
     <span class='ocr_line' id='line_1_19' title="bbox 553 2063 2577 2159; baseline 0.001 -27"><span class='ocrx_word' id='word_1_136' title='bbox 553 2078 621 2133; x_wconf 90' lang='lat' dir='ltr'>et</span> <span class='ocrx_word' id='word_1_137' title='bbox 659 2065 798 2135; x_wconf 85' lang='lat' dir='ltr'>vita</span> <span class='ocrx_word' id='word_1_138' title='bbox 831 2090 1067 2135; x_wconf 89' lang='lat' dir='ltr'>eorum</span> <span class='ocrx_word' id='word_1_139' title='bbox 1119 2068 1417 2135; x_wconf 85' lang='lat' dir='ltr'>sanctior</span> <span class='ocrx_word' id='word_1_140' title='bbox 1463 2080 1530 2134; x_wconf 90' lang='lat' dir='ltr'>et</span> <span class='ocrx_word' id='word_1_141' title='bbox 1586 2091 1795 2159; x_wconf 87' lang='lat' dir='ltr'>opera</span> <span class='ocrx_word' id='word_1_142' title='bbox 1838 2063 2122 2154; x_wconf 88' lang='lat' dir='ltr'>altiora,</span> <span class='ocrx_word' id='word_1_143' title='bbox 2178 2065 2577 2136; x_wconf 88' lang='lat' dir='ltr'>sublimiora</span> 
     </span>
    </p>
   </div>
   <div class='ocr_carea' id='block_1_5' title="bbox 553 2161 2577 2354">
    <p class='ocr_par' dir='ltr' id='par_1_5' title="bbox 553 2161 2577 2354">
     <span class='ocr_line' id='line_1_20' title="bbox 553 2161 2577 2259; baseline 0.001 -28"><span class='ocrx_word' id='word_1_144' title='bbox 553 2162 941 2251; x_wconf 89' lang='lat' dir='ltr'>evaderent,</span> <span class='ocrx_word' id='word_1_145' title='bbox 971 2161 1187 2231; x_wconf 88' lang='lat' dir='ltr'>defuit</span> <span class='ocrx_word' id='word_1_146' title='bbox 1214 2164 1399 2257; x_wconf 91' lang='lat' dir='ltr'>quod</span> <span class='ocrx_word' id='word_1_147' title='bbox 1424 2162 1730 2233; x_wconf 84' lang='lat' dir='ltr'>labantes</span> <span class='ocrx_word' id='word_1_148' title='bbox 1761 2165 2147 2254; x_wconf 89' lang='lat' dir='ltr'>sustineret,</span> <span class='ocrx_word' id='word_1_149' title='bbox 2174 2190 2253 2235; x_wconf 90' lang='lat' dir='ltr'>ac</span> <span class='ocrx_word' id='word_1_150' title='bbox 2267 2163 2408 2259; x_wconf 89' lang='lat' dir='ltr'>jam</span> <span class='ocrx_word' id='word_1_151' title='bbox 2434 2189 2577 2235; x_wconf 88' lang='lat' dir='ltr'>non</span> 
     </span>
     <span class='ocr_line' id='line_1_21' title="bbox 556 2257 2189 2354; baseline 0.004 -27"><span class='ocrx_word' id='word_1_152' title='bbox 556 2257 813 2330; x_wconf 77' lang='lat' dir='ltr'>liberos</span> <span class='ocrx_word' id='word_1_153' title='bbox 830 2258 1186 2354; x_wconf 85' lang='lat' dir='ltr'>solaretur.</span> <span class='ocrx_word' id='word_1_154' title='bbox 2172 2287 2189 2302; x_wconf 80' lang='grc'>·</span> 
     </span>
    </p>
   </div>
   <div class='ocr_carea' id='block_1_6' title="bbox 1309 2732 1830 2811">
    <p class='ocr_par' dir='ltr' id='par_1_6' title="bbox 1309 2732 1830 2811">
     <span class='ocr_line' id='line_1_22' title="bbox 1309 2732 1830 2811; baseline 0.002 -1"><span class='ocrx_word' id='word_1_155' title='bbox 1309 2732 1633 2811; x_wconf 82' lang='lat' dir='ltr'>CAPUT</span> <span class='ocrx_word' id='word_1_156' title='bbox 1691 2732 1830 2811; x_wconf 81' lang='lat' dir='ltr'>IV.</span> 
     </span>
    </p>
   </div>
   <div class='ocr_carea' id='block_1_7' title="bbox 1486 2989 1662 3081">
    <p class='ocr_par' dir='ltr' id='par_1_7' title="bbox 1486 2989 1662 3081">
     <span class='ocr_line' id='line_1_23' title="bbox 1486 2989 1662 3081; baseline -0.006 -21"><span class='ocrx_word' id='word_1_157' title='bbox 1486 2989 1662 3081; x_wconf 65' lang='lat' dir='ltr'>ga,</span> 
     </span>
    </p>
   </div>
   <div class='ocr_carea' id='block_1_8' title="bbox 562 3160 2581 3559">
    <p class='ocr_par' dir='ltr' id='par_1_8' title="bbox 562 3160 2581 3559">
     <span class='ocr_line' id='line_1_24' title="bbox 660 3160 2573 3260; baseline 0.006 -31"><span class='ocrx_word' id='word_1_158' title='bbox 660 3165 965 3256; x_wconf 86' lang='lat' dir='ltr'>Longam</span> <span class='ocrx_word' id='word_1_159' title='bbox 996 3160 1175 3232; x_wconf 84' lang='lat' dir='ltr'>illam</span> <span class='ocrx_word' id='word_1_160' title='bbox 1201 3166 1856 3258; x_wconf 89' lang='lat' dir='ltr'>argumentationem</span> <span class='ocrx_word' id='word_1_161' title='bbox 1881 3165 2136 3237; x_wconf 90' lang='lat' dir='ltr'>claudit</span> <span class='ocrx_word' id='word_1_162' title='bbox 2158 3170 2508 3240; x_wconf 90' lang='lat' dir='ltr'>Maternus</span> <span class='ocrx_word' id='word_1_163' title='bbox 2527 3174 2573 3260; x_wconf 80' lang='lat'>⁸,</span> 
     </span>
     <span class='ocr_line' id='line_1_25' title="bbox 563 3257 2581 3364; baseline 0.004 -35"><span class='ocrx_word' id='word_1_164' title='bbox 563 3257 774 3329; x_wconf 87' lang='lat' dir='ltr'>altera</span> <span class='ocrx_word' id='word_1_165' title='bbox 820 3262 1029 3353; x_wconf 88' lang='lat' dir='ltr'>ipsius</span> <span class='ocrx_word' id='word_1_166' title='bbox 1074 3263 1289 3330; x_wconf 85' lang='lat' dir='ltr'>Taciti</span> <span class='ocrx_word' id='word_1_167' title='bbox 1337 3289 1652 3356; x_wconf 89' lang='lat' dir='ltr'>persona,</span> <span class='ocrx_word' id='word_1_168' title='bbox 1701 3265 1816 3358; x_wconf 91' lang='lat' dir='ltr'>qui</span> <span class='ocrx_word' id='word_1_169' title='bbox 1846 3266 2035 3359; x_wconf 88' lang='lat' dir='ltr'>quasi</span> <span class='ocrx_word' id='word_1_170' title='bbox 2078 3265 2362 3360; x_wconf 84' lang='lat' dir='ltr'>publicae</span> <span class='ocrx_word' id='word_1_171' title='bbox 2399 3267 2581 3364; x_wconf 90' lang='lat' dir='ltr'>apud</span> 
     </span>
     <span class='ocr_line' id='line_1_26' title="bbox 562 3357 2573 3462; baseline 0.007 -39"><span class='ocrx_word' id='word_1_172' title='bbox 562 3357 907 3426; x_wconf 86' lang='lat' dir='ltr'>Romanos</span> <span class='ocrx_word' id='word_1_173' title='bbox 957 3357 1358 3453; x_wconf 80' lang='lat' dir='ltr'>eloquentiae</span> <span class='ocrx_word' id='word_1_174' title='bbox 1410 3360 1767 3431; x_wconf 86' lang='lat' dir='ltr'>funebrem</span> <span class='ocrx_word' id='word_1_175' title='bbox 1802 3361 2259 3433; x_wconf 88' lang='lat' dir='ltr'>laudationem</span> <span class='ocrx_word' id='word_1_176' title='bbox 2306 3366 2573 3462; x_wconf 88' lang='lat' dir='ltr'>incipit,</span> 
     </span>
     <span class='ocr_line' id='line_1_27' title="bbox 563 3452 2578 3559; baseline 0.006 -38"><span class='ocrx_word' id='word_1_177' title='bbox 563 3452 727 3522; x_wconf 91' lang='lat' dir='ltr'>dum</span> <span class='ocrx_word' id='word_1_178' title='bbox 787 3456 1015 3526; x_wconf 85' lang='lat' dir='ltr'>omnia</span> <span class='ocrx_word' id='word_1_179' title='bbox 1076 3455 1238 3526; x_wconf 92' lang='lat' dir='ltr'>olim</span> <span class='ocrx_word' id='word_1_180' title='bbox 1301 3459 1386 3526; x_wconf 92' lang='lat' dir='ltr'>ad</span> <span class='ocrx_word' id='word_1_181' title='bbox 1454 3485 1599 3530; x_wconf 86' lang='lat' dir='ltr'>earn</span> <span class='ocrx_word' id='word_1_182' title='bbox 1651 3459 1959 3531; x_wconf 89' lang='lat' dir='ltr'>alendam</span> <span class='ocrx_word' id='word_1_183' title='bbox 2017 3462 2527 3559; x_wconf 86' lang='lat' dir='ltr'>augendamque</span> <span class='ocrx_word' id='word_1_184' title='bbox 2561 3518 2578 3552; x_wconf 92' lang='lat'>,</span> 
     </span>
    </p>
   </div>
   <div class='ocr_carea' id='block_1_9' title="bbox 564 3552 2588 3722">
    <p class='ocr_par' dir='ltr' id='par_1_9' title="bbox 564 3552 2588 3722">
     <span class='ocr_line' id='line_1_28' title="bbox 564 3552 2588 3659; baseline 0.005 -39"><span class='ocrx_word' id='word_1_185' title='bbox 564 3576 748 3621; x_wconf 90' lang='lat' dir='ltr'>nunc</span> <span class='ocrx_word' id='word_1_186' title='bbox 776 3552 1002 3621; x_wconf 87' lang='lat' dir='ltr'>omnia</span> <span class='ocrx_word' id='word_1_187' title='bbox 1036 3552 1123 3622; x_wconf 93' lang='lat' dir='ltr'>ad</span> <span class='ocrx_word' id='word_1_188' title='bbox 1158 3555 1689 3630; x_wconf 89' lang='lat' dir='ltr'>imminuendam</span> <span class='ocrx_word' id='word_1_189' title='bbox 1718 3559 2293 3656; x_wconf 86' lang='lat' dir='ltr'>frangendamque</span> <span class='ocrx_word' id='word_1_190' title='bbox 2321 3587 2588 3659; x_wconf 80' lang='lat' dir='ltr'>conspi-</span> 
     </span>
     <span class='ocr_line' id='line_1_29' title="bbox 566 3666 1843 3722; baseline 0.009 -4"><span class='ocrx_word' id='word_1_191' title='bbox 566 3674 716 3720; x_wconf 90' lang='lat' dir='ltr'>rare</span> <span class='ocrx_word' id='word_1_192' title='bbox 750 3666 1107 3722; x_wconf 89' lang='lat' dir='ltr'>asseverat.</span> <span class='ocrx_word' id='word_1_193' title='bbox 1840 3696 1843 3699; x_wconf 43' lang='lat'><strong>⁴</strong></span> 
     </span>
    </p>
   </div>
   <div class='ocr_carea' id='block_1_10' title="bbox 534 3806 1760 3904">
    <p class='ocr_par' dir='ltr' id='par_1_10' title="bbox 534 3806 1760 3904">
     <span class='ocr_line' id='line_1_30' title="bbox 534 3806 1760 3904; baseline 0.01 -29"><span class='ocrx_word' id='word_1_194' title='bbox 534 3873 544 3883; x_wconf 80' lang='grc'>,</span> <span class='ocrx_word' id='word_1_195' title='bbox 639 3825 654 3854; x_wconf 83' lang='lat'>¹</span> <span class='ocrx_word' id='word_1_196' title='bbox 697 3806 1047 3879; x_wconf 58' lang='lat' dir='ltr'>confinem</span> <span class='ocrx_word' id='word_1_197' title='bbox 1067 3830 1275 3895; x_wconf 67' lang='lat' dir='ltr'>Amal„</span> <span class='ocrx_word' id='word_1_198' title='bbox 1302 3832 1397 3884; x_wconf 75' lang='lat' dir='ltr'>ub.</span> <span class='ocrx_word' id='word_1_199' title='bbox 1425 3835 1473 3898; x_wconf 93' lang='lat'>1,</span> <span class='ocrx_word' id='word_1_200' title='bbox 1501 3851 1637 3904; x_wconf 56' lang='lat' dir='ltr'>mn,</span> <span class='ocrx_word' id='word_1_201' title='bbox 1666 3853 1760 3887; x_wconf 76' lang='lat' dir='ltr'>vn.</span> 
     </span>
    </p>
   </div>
   <div class='ocr_carea' id='block_1_11' title="bbox 566 3895 2589 4038">
    <p class='ocr_par' dir='ltr' id='par_1_11' title="bbox 566 3895 2589 4038">
     <span class='ocr_line' id='line_1_31' title="bbox 569 3895 2589 3980; baseline 0.011 -34"><span class='ocrx_word' id='word_1_202' title='bbox 569 3966 580 3977; x_wconf 44' lang='lat'><strong>·</strong></span> <span class='ocrx_word' id='word_1_203' title='bbox 635 3895 659 3925; x_wconf 77' lang='lat'><strong>¹</strong></span> <span class='ocrx_word' id='word_1_204' title='bbox 692 3896 823 3980; x_wconf 64' lang='lat' dir='ltr'>yid.</span> <span class='ocrx_word' id='word_1_205' title='bbox 847 3898 1019 3952; x_wconf 87' lang='lat' dir='ltr'>Tacit.</span> <span class='ocrx_word' id='word_1_206' title='bbox 1039 3898 1096 3954; x_wconf 83' lang='lat' dir='ltr'>in</span> <span class='ocrx_word' id='word_1_207' title='bbox 1112 3902 1295 3960; x_wconf 77' lang='lat' dir='ltr'>Annal.</span> <span class='ocrx_word' id='word_1_208' title='bbox 1310 3903 1406 3956; x_wconf 88' lang='lat' dir='ltr'>lib.</span> <span class='ocrx_word' id='word_1_209' title='bbox 1426 3904 1550 3968; x_wconf 84' lang='lat' dir='ltr'>XV,</span> <span class='ocrx_word' id='word_1_210' title='bbox 1574 3923 1624 3960; x_wconf 82' lang='lat' dir='ltr'>c.</span> <span class='ocrx_word' id='word_1_211' title='bbox 1645 3923 1757 3973; x_wconf 76' lang='lat' dir='ltr'>nx,</span> <span class='ocrx_word' id='word_1_212' title='bbox 1774 3910 2158 3974; x_wconf 64' lang='lat' dir='ltr'>uu,1.xx;lib.</span> <span class='ocrx_word' id='word_1_213' title='bbox 2182 3910 2336 3979; x_wconf 82' lang='lat' dir='ltr'>XVI,</span> <span class='ocrx_word' id='word_1_214' title='bbox 2358 3929 2589 3980; x_wconf 44' lang='grc' dir='ltr'>(μυίης</span> 
     </span>
     <span class='ocr_line' id='line_1_32' title="bbox 566 3970 1135 4038; baseline 0.012 -22"><span class='ocrx_word' id='word_1_215' title='bbox 566 3983 622 4017; x_wconf 86' lang='lat' dir='ltr'>m</span> <span class='ocrx_word' id='word_1_216' title='bbox 652 3971 839 4028; x_wconf 69' lang='lat' dir='ltr'>Histor.</span> <span class='ocrx_word' id='word_1_217' title='bbox 872 3970 947 4038; x_wconf 92' lang='lat'>11,</span> <span class='ocrx_word' id='word_1_218' title='bbox 993 3989 1135 4038; x_wconf 51' lang='lat' dir='ltr'>xpm.</span> 
     </span>
    </p>
   </div>
   <div class='ocr_carea' id='block_1_12' title="bbox 639 4037 1045 4095">
    <p class='ocr_par' dir='ltr' id='par_1_12' title="bbox 639 4037 1045 4095">
     <span class='ocr_line' id='line_1_33' title="bbox 639 4037 1045 4095; baseline 0.015 -8"><span class='ocrx_word' id='word_1_219' title='bbox 639 4037 661 4066; x_wconf 84' lang='lat'>⁸</span> <span class='ocrx_word' id='word_1_220' title='bbox 695 4039 833 4095; x_wconf 79' lang='lat' dir='ltr'>Dial.</span> <span class='ocrx_word' id='word_1_221' title='bbox 860 4057 907 4095; x_wconf 87' lang='lat' dir='ltr'>c.</span> <span class='ocrx_word' id='word_1_222' title='bbox 939 4058 1045 4093; x_wconf 80' lang='lat' dir='ltr'>m.</span> 
     </span>
    </p>
   </div>
  </div>
 </body>
</html>
