<?xml version="1.0" encoding="UTF-8"?>
<!DOCTYPE html PUBLIC "-//W3C//DTD XHTML 1.0 Transitional//EN"
    "http://www.w3.org/TR/xhtml1/DTD/xhtml1-transitional.dtd">
<html xmlns="http://www.w3.org/1999/xhtml" xml:lang="en" lang="en">
 <head>
  <title>
</title>
<meta http-equiv="Content-Type" content="text/html;charset=utf-8" />
  <meta name='ocr-system' content='tesseract 3.04.00' />
  <meta name='ocr-capabilities' content='ocr_page ocr_carea ocr_par ocr_line ocrx_word'/>
</head>
<body>
  <div class='ocr_page' id='page_1' title='image "./intacitidialogu00widagoog/intacitidialogu00widagoog_0064.png"; bbox 0 0 2900 4678; ppageno 0'>
   <div class='ocr_carea' id='block_1_1' title="bbox 538 271 2577 581">
    <p class='ocr_par' dir='ltr' id='par_1_1' title="bbox 538 271 2577 562">
     <span class='ocr_line' id='line_1_1' title="bbox 1363 271 1752 342; baseline 0.005 -21"><span class='ocrx_word' id='word_1_1' title='bbox 1363 308 1461 321; x_wconf 86' lang='grc'><strong>.-.</strong></span> <span class='ocrx_word' id='word_1_2' title='bbox 1514 271 1606 342; x_wconf 80' lang='lat'><strong>52</strong></span> <span class='ocrx_word' id='word_1_3' title='bbox 1657 310 1752 323; x_wconf 91' lang='lat'>....</span> 
     </span>
     <span class='ocr_line' id='line_1_2' title="bbox 538 391 2577 581; baseline 0 -116"><span class='ocrx_word' id='word_1_4' title='bbox 538 394 834 489; x_wconf 87' lang='lat' dir='ltr'>jusmodi</span> <span class='ocrx_word' id='word_1_5' title='bbox 892 391 1381 488; x_wconf 80' lang='lat' dir='ltr'>exemplaribus</span> <span class='ocrx_word' id='word_1_6' title='bbox 1439 419 1517 463; x_wconf 91' lang='lat' dir='ltr'><strong>ac</strong></span> <span class='ocrx_word' id='word_1_7' title='bbox 1584 393 2030 581; x_wconf 71' lang='lat' dir='ltr'><strong>scriptoribus</strong></span> <span class='ocrx_word' id='word_1_8' title='bbox 2090 393 2577 475; x_wconf 79' lang='lat' dir='ltr'><strong>honestaretur</strong></span> 
     </span>
    </p>
   </div>
   <div class='ocr_carea' id='block_1_2' title="bbox 546 489 2576 661">
    <p class='ocr_par' dir='ltr' id='par_1_2' title="bbox 546 489 2576 661">
     <span class='ocr_line' id='line_1_3' title="bbox 548 489 2576 590; baseline 0.001 -29"><span class='ocrx_word' id='word_1_9' title='bbox 548 493 796 563; x_wconf 90' lang='lat' dir='ltr'><strong>nedum</strong></span> <span class='ocrx_word' id='word_1_10' title='bbox 833 516 1002 587; x_wconf 91' lang='lat' dir='ltr'><strong>opus</strong></span> <span class='ocrx_word' id='word_1_11' title='bbox 1037 491 1166 578; x_wconf 92' lang='lat' dir='ltr'><strong>sit,</strong></span> <span class='ocrx_word' id='word_1_12' title='bbox 1205 507 1281 562; x_wconf 92' lang='lat' dir='ltr'><strong>ut</strong></span> <span class='ocrx_word' id='word_1_13' title='bbox 1315 489 1461 562; x_wconf 88' lang='lat' dir='ltr'><strong>vult</strong></span> <span class='ocrx_word' id='word_1_14' title='bbox 1502 494 1720 563; x_wconf 90' lang='lat' dir='ltr'><strong>Messa</strong></span> <span class='ocrx_word' id='word_1_15' title='bbox 1745 517 1784 562; x_wconf 92' lang='lat' dir='ltr'><strong>a</strong></span> <span class='ocrx_word' id='word_1_16' title='bbox 1866 517 2013 562; x_wconf 85' lang='lat' dir='ltr'><strong>eam</strong></span> <span class='ocrx_word' id='word_1_17' title='bbox 2047 507 2209 562; x_wconf 89' lang='lat' dir='ltr'><strong>tunc</strong></span> <span class='ocrx_word' id='word_1_18' title='bbox 2239 496 2576 590; x_wconf 78' lang='lat' dir='ltr'><strong>antiqua-</strong></span> 
     </span>
     <span class='ocr_line' id='line_1_4' title="bbox 546 587 1170 661; baseline -0.006 0"><span class='ocrx_word' id='word_1_19' title='bbox 546 592 676 661; x_wconf 79' lang='lat' dir='ltr'><strong>riis</strong></span> <span class='ocrx_word' id='word_1_20' title='bbox 707 590 1154 661; x_wconf 58' lang='lat' dir='ltr'><strong>criminarffi.</strong></span> <span class='ocrx_word' id='word_1_21' title='bbox 1141 587 1170 640; x_wconf 70' lang='grc' dir='ltr'><strong>ἶ)</strong></span> 
     </span>
    </p>
   </div>
   <div class='ocr_carea' id='block_1_3' title="bbox 1215 1088 1829 1192">
    <p class='ocr_par' dir='ltr' id='par_1_3' title="bbox 1215 1088 1829 1192">
     <span class='ocr_line' id='line_1_5' title="bbox 1215 1088 1829 1192; baseline 0 -3"><span class='ocrx_word' id='word_1_22' title='bbox 1215 1088 1227 1097; x_wconf 65' lang='grc'>”</span> <span class='ocrx_word' id='word_1_23' title='bbox 1282 1113 1829 1192; x_wconf 78' lang='lat' dir='ltr'><strong>APPENDIX.</strong></span> 
     </span>
    </p>
   </div>
   <div class='ocr_carea' id='block_1_4' title="bbox 541 1389 2568 1537">
    <p class='ocr_par' dir='ltr' id='par_1_4' title="bbox 541 1389 2568 1537">
     <span class='ocr_line' id='line_1_6' title="bbox 541 1389 2568 1453; baseline -0.001 -12"><span class='ocrx_word' id='word_1_24' title='bbox 541 1394 720 1453; x_wconf 82' lang='lat' dir='ltr'><strong>Qum</strong></span> <span class='ocrx_word' id='word_1_25' title='bbox 770 1393 878 1439; x_wconf 84' lang='lat' dir='ltr'><strong>srr</strong></span> <span class='ocrx_word' id='word_1_26' title='bbox 929 1390 1381 1439; x_wconf 70' lang='lat' dir='ltr'><strong>snurxmnnm</strong></span> <span class='ocrx_word' id='word_1_27' title='bbox 1432 1391 1525 1437; x_wconf 77' lang='lat' dir='ltr'><strong>DE</strong></span> <span class='ocrx_word' id='word_1_28' title='bbox 1575 1390 1857 1438; x_wconf 74' lang='lat' dir='ltr'><strong>LACUNA</strong></span> <span class='ocrx_word' id='word_1_29' title='bbox 1911 1389 2071 1449; x_wconf 80' lang='lat' dir='ltr'><strong>QUAE</strong></span> <span class='ocrx_word' id='word_1_30' title='bbox 2122 1389 2196 1436; x_wconf 68' lang='lat' dir='ltr'><strong>nv</strong></span> <span class='ocrx_word' id='word_1_31' title='bbox 2247 1390 2568 1439; x_wconf 71' lang='lat' dir='ltr'><strong>mALoco</strong></span> 
     </span>
     <span class='ocr_line' id='line_1_7' title="bbox 1339 1467 1750 1537; baseline -0.01 0"><span class='ocrx_word' id='word_1_32' title='bbox 1339 1467 1750 1537; x_wconf 73' lang='lat' dir='ltr'><strong>occmmrr&#39;.</strong></span> 
     </span>
    </p>
   </div>
   <div class='ocr_carea' id='block_1_5' title="bbox 538 1640 2569 2229">
    <p class='ocr_par' dir='ltr' id='par_1_5' title="bbox 538 1640 2569 2229">
     <span class='ocr_line' id='line_1_8' title="bbox 638 1640 2569 1738; baseline -0.001 -25"><span class='ocrx_word' id='word_1_33' title='bbox 638 1646 884 1738; x_wconf 86' lang='lat' dir='ltr'><strong>Magna</strong></span> <span class='ocrx_word' id='word_1_34' title='bbox 914 1642 1106 1712; x_wconf 85' lang='lat' dir='ltr'><strong>hiare</strong></span> <span class='ocrx_word' id='word_1_35' title='bbox 1140 1641 1415 1712; x_wconf 80' lang='lat' dir='ltr'><strong>lacuna⁸</strong></span> <span class='ocrx_word' id='word_1_36' title='bbox 1457 1640 1856 1737; x_wconf 91' lang='lat' dir='ltr'><strong>opusculum</strong></span> <span class='ocrx_word' id='word_1_37' title='bbox 1892 1656 2199 1711; x_wconf 88' lang='lat' dir='ltr'><strong>nostrum</strong></span> <span class='ocrx_word' id='word_1_38' title='bbox 2233 1658 2386 1738; x_wconf 91' lang='lat' dir='ltr'><strong>post</strong></span> <span class='ocrx_word' id='word_1_39' title='bbox 2423 1642 2569 1713; x_wconf 83' lang='lat' dir='ltr'><strong>haec</strong></span> 
     </span>
     <span class='ocr_line' id='line_1_9' title="bbox 538 1739 2559 1852; baseline -0.002 -40"><span class='ocrx_word' id='word_1_40' title='bbox 538 1743 745 1829; x_wconf 67' lang='lat' dir='ltr'><strong>verba</strong></span> <span class='ocrx_word' id='word_1_41' title='bbox 786 1770 821 1809; x_wconf 90' lang='lat'>«</span> <span class='ocrx_word' id='word_1_42' title='bbox 844 1767 1055 1836; x_wconf 91' lang='lat' dir='ltr'><strong>quum</strong></span> <span class='ocrx_word' id='word_1_43' title='bbox 1082 1741 1165 1810; x_wconf 89' lang='lat' dir='ltr'><strong>ad</strong></span> <span class='ocrx_word' id='word_1_44' title='bbox 1204 1765 1396 1810; x_wconf 90' lang='lat' dir='ltr'><strong>veros</strong></span> <span class='ocrx_word' id='word_1_45' title='bbox 1419 1739 1681 1852; x_wconf 71' lang='lat' dir='ltr'><strong>judices</strong></span> <span class='ocrx_word' id='word_1_46' title='bbox 1714 1756 1991 1810; x_wconf 90' lang='lat' dir='ltr'><strong>ventum</strong></span> <span class='ocrx_word' id='word_1_47' title='bbox 2019 1756 2119 1810; x_wconf 92' lang='lat' dir='ltr'><strong>est</strong></span> <span class='ocrx_word' id='word_1_48' title='bbox 2145 1739 2238 1836; x_wconf 89' lang='lat' dir='ltr'><strong>(c.</strong></span> <span class='ocrx_word' id='word_1_49' title='bbox 2276 1740 2499 1835; x_wconf 85' lang='lat' dir='ltr'><strong>xxxv)</strong></span> <span class='ocrx_word' id='word_1_50' title='bbox 2522 1768 2559 1807; x_wconf 88' lang='lat'>»</span> 
     </span>
     <span class='ocr_line' id='line_1_10' title="bbox 540 1839 2565 1934; baseline -0.001 -24"><span class='ocrx_word' id='word_1_51' title='bbox 540 1866 773 1910; x_wconf 91' lang='lat' dir='ltr'><strong>omnes</strong></span> <span class='ocrx_word' id='word_1_52' title='bbox 809 1839 1075 1910; x_wconf 87' lang='lat' dir='ltr'><strong>codices</strong></span> <span class='ocrx_word' id='word_1_53' title='bbox 1107 1839 1549 1934; x_wconf 86' lang='lat' dir='ltr'><strong>manuscripti</strong></span> <span class='ocrx_word' id='word_1_54' title='bbox 1579 1855 1936 1926; x_wconf 82' lang='lat' dir='ltr'><strong>testantur,</strong></span> <span class='ocrx_word' id='word_1_55' title='bbox 1967 1855 2045 1908; x_wconf 91' lang='lat' dir='ltr'><strong>ut</strong></span> <span class='ocrx_word' id='word_1_56' title='bbox 2072 1840 2282 1908; x_wconf 89' lang='lat' dir='ltr'><strong>codex</strong></span> <span class='ocrx_word' id='word_1_57' title='bbox 2313 1842 2565 1908; x_wconf 89' lang='lat' dir='ltr'><strong>Farne-</strong></span> 
     </span>
     <span class='ocr_line' id='line_1_11' title="bbox 543 1937 2566 2049; baseline -0.002 -39"><span class='ocrx_word' id='word_1_58' title='bbox 543 1941 766 2010; x_wconf 88' lang='lat' dir='ltr'><strong>sianus</strong></span> <span class='ocrx_word' id='word_1_59' title='bbox 803 1938 949 2033; x_wconf 94' lang='lat' dir='ltr'><strong>qui,</strong></span> <span class='ocrx_word' id='word_1_60' title='bbox 998 1954 1164 2008; x_wconf 87' lang='lat' dir='ltr'><strong>teste</strong></span> <span class='ocrx_word' id='word_1_61' title='bbox 1206 1938 1467 2049; x_wconf 74' lang='lat' dir='ltr'><strong>Lipsio,</strong></span> <span class='ocrx_word' id='word_1_62' title='bbox 1510 1939 1728 2033; x_wconf 89' lang='lat' dir='ltr'><strong>spatio</strong></span> <span class='ocrx_word' id='word_1_63' title='bbox 1773 1937 2011 2033; x_wconf 87' lang='lat' dir='ltr'><strong>grandi</strong></span> <span class='ocrx_word' id='word_1_64' title='bbox 2046 1963 2259 2031; x_wconf 88' lang='lat' dir='ltr'><strong>usque</strong></span> <span class='ocrx_word' id='word_1_65' title='bbox 2292 1937 2376 2006; x_wconf 90' lang='lat' dir='ltr'><strong>ad</strong></span> <span class='ocrx_word' id='word_1_66' title='bbox 2422 1937 2566 2006; x_wconf 83' lang='lat' dir='ltr'><strong>haec</strong></span> 
     </span>
     <span class='ocr_line' id='line_1_12' title="bbox 538 2032 2563 2132; baseline -0.002 -24"><span class='ocrx_word' id='word_1_67' title='bbox 538 2038 746 2108; x_wconf 86' lang='lat' dir='ltr'><strong>verba</strong></span> <span class='ocrx_word' id='word_1_68' title='bbox 776 2066 813 2105; x_wconf 87' lang='lat'><strong><em>«</em></strong></span> <span class='ocrx_word' id='word_1_69' title='bbox 840 2063 982 2106; x_wconf 90' lang='lat' dir='ltr'><strong>rem</strong></span> <span class='ocrx_word' id='word_1_70' title='bbox 1019 2038 1340 2132; x_wconf 84' lang='lat' dir='ltr'><strong>cogitare,</strong></span> <span class='ocrx_word' id='word_1_71' title='bbox 1370 2063 1408 2103; x_wconf 87' lang='lat'>»</span> <span class='ocrx_word' id='word_1_72' title='bbox 1448 2037 1878 2131; x_wconf 82' lang='lat' dir='ltr'><strong>interpositO,</strong></span> <span class='ocrx_word' id='word_1_73' title='bbox 1918 2035 2191 2130; x_wconf 87' lang='lat' dir='ltr'><strong>adjicit.</strong></span> <span class='ocrx_word' id='word_1_74' title='bbox 2221 2036 2349 2105; x_wconf 90' lang='lat' dir='ltr'><strong>Hic</strong></span> <span class='ocrx_word' id='word_1_75' title='bbox 2386 2032 2563 2115; x_wconf 85' lang='lat' dir='ltr'><strong>mul-</strong></span> 
     </span>
     <span class='ocr_line' id='line_1_13' title="bbox 539 2134 2564 2229; baseline -0.001 -24"><span class='ocrx_word' id='word_1_76' title='bbox 539 2151 684 2208; x_wconf 90' lang='lat' dir='ltr'><strong>tum</strong></span> <span class='ocrx_word' id='word_1_77' title='bbox 710 2134 971 2223; x_wconf 84' lang='lat' dir='ltr'><strong>deficit3</strong></span> <span class='ocrx_word' id='word_1_78' title='bbox 1003 2136 1096 2205; x_wconf 90' lang='lat' dir='ltr'><strong>sic</strong></span> <span class='ocrx_word' id='word_1_79' title='bbox 1120 2136 1193 2203; x_wconf 91' lang='lat' dir='ltr'><strong>in</strong></span> <span class='ocrx_word' id='word_1_80' title='bbox 1224 2135 1686 2229; x_wconf 88' lang='lat' dir='ltr'><strong>manuscripto</strong></span> <span class='ocrx_word' id='word_1_81' title='bbox 1713 2134 2043 2204; x_wconf 89' lang='lat' dir='ltr'><strong>Vaticano</strong></span> <span class='ocrx_word' id='word_1_82' title='bbox 2071 2159 2388 2228; x_wconf 86' lang='lat' dir='ltr'><strong>magnum</strong></span> <span class='ocrx_word' id='word_1_83' title='bbox 2413 2158 2564 2229; x_wconf 88' lang='lat' dir='ltr'><strong>spa-</strong></span> 
     </span>
    </p>
   </div>
   <div class='ocr_carea' id='block_1_6' title="bbox 482 2335 2566 4116">
    <p class='ocr_par' dir='ltr' id='par_1_6' title="bbox 539 2335 2565 2549">
     <span class='ocr_line' id='line_1_14' title="bbox 612 2335 2560 2421; baseline 0 -27"><span class='ocrx_word' id='word_1_84' title='bbox 612 2338 629 2371; x_wconf 80' lang='lat'>¹</span> <span class='ocrx_word' id='word_1_85' title='bbox 671 2338 943 2394; x_wconf 75' lang='lat' dir='ltr'><strong>C.xt.11.&lt;‹</strong></span> <span class='ocrx_word' id='word_1_86' title='bbox 971 2338 1048 2390; x_wconf 88' lang='lat' dir='ltr'><strong>Ac</strong></span> <span class='ocrx_word' id='word_1_87' title='bbox 1069 2336 1227 2391; x_wconf 88' lang='lat' dir='ltr'><strong>simul</strong></span> <span class='ocrx_word' id='word_1_88' title='bbox 1245 2355 1519 2408; x_wconf 81' lang='lat' dir='ltr'><strong>assurgens</strong></span> <span class='ocrx_word' id='word_1_89' title='bbox 1554 2335 1570 2361; x_wconf 89' lang='lat'><strong><em>‘</em></strong></span> <span class='ocrx_word' id='word_1_90' title='bbox 1552 2336 1865 2421; x_wconf 80' lang='lat' dir='ltr'><strong>Maternus)</strong></span> <span class='ocrx_word' id='word_1_91' title='bbox 1894 2351 1946 2390; x_wconf 89' lang='lat' dir='ltr'><strong>et</strong></span> <span class='ocrx_word' id='word_1_92' title='bbox 1977 2341 2183 2410; x_wconf 88' lang='lat' dir='ltr'><strong>Aprum</strong></span> <span class='ocrx_word' id='word_1_93' title='bbox 2207 2341 2512 2411; x_wconf 82' lang='lat' dir='ltr'><strong>complexus</strong></span> <span class='ocrx_word' id='word_1_94' title='bbox 2548 2358 2560 2394; x_wconf 89' lang='lat'><strong>:</strong></span> 
     </span>
     <span class='ocr_line' id='line_1_15' title="bbox 539 2409 2565 2483; baseline -0.001 -17"><span class='ocrx_word' id='word_1_95' title='bbox 539 2413 670 2483; x_wconf 85' lang='lat' dir='ltr'><strong>Ego,</strong></span> <span class='ocrx_word' id='word_1_96' title='bbox 693 2410 884 2480; x_wconf 90' lang='lat' dir='ltr'><strong>inquit,</strong></span> <span class='ocrx_word' id='word_1_97' title='bbox 912 2423 962 2462; x_wconf 91' lang='lat' dir='ltr'><strong>te</strong></span> <span class='ocrx_word' id='word_1_98' title='bbox 987 2410 1173 2480; x_wconf 66' lang='lat' dir='ltr'><strong>poetis»,</strong></span> <span class='ocrx_word' id='word_1_99' title='bbox 1201 2410 1422 2461; x_wconf 86' lang='lat' dir='ltr'><strong>Messala</strong></span> <span class='ocrx_word' id='word_1_100' title='bbox 1444 2409 1751 2479; x_wconf 86' lang='lat' dir='ltr'><strong>antiquariis</strong></span> <span class='ocrx_word' id='word_1_101' title='bbox 1773 2409 2194 2464; x_wconf 86' lang='lat' dir='ltr'><strong>criminabimur.</strong></span> <span class='ocrx_word' id='word_1_102' title='bbox 2228 2414 2295 2463; x_wconf 89' lang='lat' dir='ltr'><strong>At</strong></span> <span class='ocrx_word' id='word_1_103' title='bbox 2337 2429 2433 2481; x_wconf 89' lang='lat' dir='ltr'><strong>ego</strong></span> <span class='ocrx_word' id='word_1_104' title='bbox 2469 2429 2565 2463; x_wconf 78' lang='lat' dir='ltr'><strong>vos</strong></span> 
     </span>
     <span class='ocr_line' id='line_1_16' title="bbox 539 2480 1558 2549; baseline -0.006 -12"><span class='ocrx_word' id='word_1_105' title='bbox 539 2483 840 2537; x_wconf 80' lang='lat' dir='ltr'><strong>rhetoribus</strong></span> <span class='ocrx_word' id='word_1_106' title='bbox 862 2493 914 2533; x_wconf 91' lang='lat' dir='ltr'><strong>et</strong></span> <span class='ocrx_word' id='word_1_107' title='bbox 935 2480 1275 2544; x_wconf 77' lang='lat' dir='ltr'><strong>scholasticis,</strong></span> <span class='ocrx_word' id='word_1_108' title='bbox 1307 2480 1495 2549; x_wconf 84' lang='lat' dir='ltr'><strong>inquit.</strong></span> <span class='ocrx_word' id='word_1_109' title='bbox 1530 2497 1558 2530; x_wconf 67' lang='lat' dir='ltr'><strong>r</strong></span> 
     </span>
    </p>

    <p class='ocr_par' dir='ltr' id='par_1_7' title="bbox 536 2551 2560 2768">
     <span class='ocr_line' id='line_1_17' title="bbox 611 2551 2560 2618; baseline -0.001 -12"><span class='ocrx_word' id='word_1_110' title='bbox 611 2554 637 2584; x_wconf 75' lang='lat'><em>²</em></span> <span class='ocrx_word' id='word_1_111' title='bbox 670 2551 1033 2607; x_wconf 89' lang='lat' dir='ltr'><strong>Scribentibus</strong></span> <span class='ocrx_word' id='word_1_112' title='bbox 1065 2552 1220 2603; x_wconf 88' lang='lat' dir='ltr'><strong>nobis</strong></span> <span class='ocrx_word' id='word_1_113' title='bbox 1250 2551 1350 2603; x_wconf 81' lang='lat' dir='ltr'><strong>illae</strong></span> <span class='ocrx_word' id='word_1_114' title='bbox 1384 2552 1595 2603; x_wconf 84' lang='lat' dir='ltr'><strong>fuerunt</strong></span> <span class='ocrx_word' id='word_1_115' title='bbox 1631 2551 1700 2604; x_wconf 91' lang='lat' dir='ltr'><strong>ad</strong></span> <span class='ocrx_word' id='word_1_116' title='bbox 1738 2571 1954 2606; x_wconf 88' lang='lat' dir='ltr'><strong>manum</strong></span> <span class='ocrx_word' id='word_1_117' title='bbox 1985 2552 2271 2608; x_wconf 84' lang='lat' dir='ltr'><strong>editiones:</strong></span> <span class='ocrx_word' id='word_1_118' title='bbox 2311 2552 2560 2618; x_wconf 87' lang='lat' dir='ltr'><strong>Schulzii,</strong></span> 
     </span>
     <span class='ocr_line' id='line_1_18' title="bbox 536 2621 2558 2691; baseline 0.001 -13"><span class='ocrx_word' id='word_1_119' title='bbox 536 2624 782 2689; x_wconf 91' lang='lat' dir='ltr'><strong>Brotieri,</strong></span> <span class='ocrx_word' id='word_1_120' title='bbox 805 2623 832 2675; x_wconf 95' lang='lat' dir='ltr'>I</span> <span class='ocrx_word' id='word_1_121' title='bbox 836 2642 881 2675; x_wconf 88' lang='lat' dir='ltr'><strong>a</strong></span> <span class='ocrx_word' id='word_1_122' title='bbox 896 2621 1084 2688; x_wconf 86' lang='lat' dir='ltr'><strong>Mallii,</strong></span> <span class='ocrx_word' id='word_1_123' title='bbox 1108 2622 1313 2687; x_wconf 91' lang='lat' dir='ltr'><strong>Orellii,</strong></span> <span class='ocrx_word' id='word_1_124' title='bbox 1339 2622 1592 2689; x_wconf 88' lang='lat' dir='ltr'><strong>Lemarii,</strong></span> <span class='ocrx_word' id='word_1_125' title='bbox 1615 2623 1915 2691; x_wconf 84' lang='lat' dir='ltr'><strong>Burnoufii,</strong></span> <span class='ocrx_word' id='word_1_126' title='bbox 1945 2627 2068 2681; x_wconf 86' lang='lat' dir='ltr'><strong>coll.</strong></span> <span class='ocrx_word' id='word_1_127' title='bbox 2095 2625 2358 2679; x_wconf 82' lang='lat' dir='ltr'><strong>Pankouk</strong></span> <span class='ocrx_word' id='word_1_128' title='bbox 2382 2643 2558 2679; x_wconf 88' lang='lat' dir='ltr'><strong>exem-</strong></span> 
     </span>
     <span class='ocr_line' id='line_1_19' title="bbox 539 2665 1303 2768; baseline -0.005 -19"><span class='ocrx_word' id='word_1_129' title='bbox 539 2698 676 2768; x_wconf 82' lang='lat' dir='ltr'><strong>plar,</strong></span> <span class='ocrx_word' id='word_1_130' title='bbox 703 2665 826 2748; x_wconf 84' lang='lat' dir='ltr'><strong>coll.</strong></span> <span class='ocrx_word' id='word_1_131' title='bbox 843 2692 1056 2748; x_wconf 87' lang='lat' dir='ltr'><strong>Nisardi</strong></span> <span class='ocrx_word' id='word_1_132' title='bbox 1085 2693 1303 2746; x_wconf 88' lang='lat' dir='ltr'><strong>Trossii.</strong></span> 
     </span>
    </p>

    <p class='ocr_par' dir='ltr' id='par_1_8' title="bbox 482 2765 2566 3764">
     <span class='ocr_line' id='line_1_20' title="bbox 612 2765 2566 2836; baseline -0.002 -15"><span class='ocrx_word' id='word_1_133' title='bbox 612 2768 635 2797; x_wconf 79' lang='lat'>⁸</span> <span class='ocrx_word' id='word_1_134' title='bbox 672 2769 806 2821; x_wconf 89' lang='lat' dir='ltr'><strong>Sunt</strong></span> <span class='ocrx_word' id='word_1_135' title='bbox 840 2765 1031 2835; x_wconf 84' lang='lat' dir='ltr'><strong>quibus</strong></span> <span class='ocrx_word' id='word_1_136' title='bbox 1072 2783 1184 2817; x_wconf 90' lang='lat' dir='ltr'><strong>non</strong></span> <span class='ocrx_word' id='word_1_137' title='bbox 1225 2765 1296 2818; x_wconf 87' lang='lat' dir='ltr'><strong>ita</strong></span> <span class='ocrx_word' id='word_1_138' title='bbox 1333 2784 1525 2835; x_wconf 83' lang='lat' dir='ltr'><strong>magna</strong></span> <span class='ocrx_word' id='word_1_139' title='bbox 1555 2766 1745 2819; x_wconf 81' lang='lat' dir='ltr'><strong>lacuna</strong></span> <span class='ocrx_word' id='word_1_140' title='bbox 1773 2766 1861 2819; x_wconf 87' lang='lat' dir='ltr'><strong>hic</strong></span> <span class='ocrx_word' id='word_1_141' title='bbox 1891 2779 2089 2819; x_wconf 85' lang='lat' dir='ltr'><strong>exstare</strong></span> <span class='ocrx_word' id='word_1_142' title='bbox 2119 2766 2358 2821; x_wconf 82' lang='lat' dir='ltr'><strong>videatur</strong></span> <span class='ocrx_word' id='word_1_143' title='bbox 2388 2779 2439 2819; x_wconf 90' lang='lat' dir='ltr'><strong>et</strong></span> <span class='ocrx_word' id='word_1_144' title='bbox 2471 2767 2566 2836; x_wconf 89' lang='lat' dir='ltr'><strong>qui</strong></span> 
     </span>
     <span class='ocr_line' id='line_1_21' title="bbox 537 2835 2565 2920; baseline -0 -29"><span class='ocrx_word' id='word_1_145' title='bbox 537 2838 719 2911; x_wconf 86' lang='lat' dir='ltr'><strong>paucis</strong></span> <span class='ocrx_word' id='word_1_146' title='bbox 742 2835 1035 2889; x_wconf 87' lang='lat' dir='ltr'><strong>admodum</strong></span> <span class='ocrx_word' id='word_1_147' title='bbox 1057 2837 1230 2891; x_wconf 87' lang='lat' dir='ltr'><strong>verbis</strong></span> <span class='ocrx_word' id='word_1_148' title='bbox 1255 2836 1489 2920; x_wconf 90' lang='lat' dir='ltr'><strong>suppleri</strong></span> <span class='ocrx_word' id='word_1_149' title='bbox 1518 2837 1630 2889; x_wconf 79' lang='lat' dir='ltr'><strong>haec</strong></span> <span class='ocrx_word' id='word_1_150' title='bbox 1651 2851 1703 2889; x_wconf 89' lang='lat' dir='ltr'><strong>et</strong></span> <span class='ocrx_word' id='word_1_151' title='bbox 1736 2838 1928 2908; x_wconf 85' lang='lat' dir='ltr'><strong>corrigi</strong></span> <span class='ocrx_word' id='word_1_152' title='bbox 1957 2857 2108 2909; x_wconf 89' lang='lat' dir='ltr'><strong>posse</strong></span> <span class='ocrx_word' id='word_1_153' title='bbox 2143 2839 2455 2910; x_wconf 90' lang='lat' dir='ltr'><strong>opinentur;</strong></span> <span class='ocrx_word' id='word_1_154' title='bbox 2487 2839 2565 2890; x_wconf 87' lang='lat' dir='ltr'><strong>sic</strong></span> 
     </span>
     <span class='ocr_line' id='line_1_22' title="bbox 539 2879 2564 2980; baseline -0.001 -16"><span class='ocrx_word' id='word_1_155' title='bbox 539 2908 857 2979; x_wconf 83' lang='lat' dir='ltr'><strong>Schlutigius</strong></span> <span class='ocrx_word' id='word_1_156' title='bbox 878 2908 952 2961; x_wconf 87' lang='lat' dir='ltr'><strong>ita</strong></span> <span class='ocrx_word' id='word_1_157' title='bbox 974 2908 1087 2960; x_wconf 85' lang='lat' dir='ltr'><strong>haec</strong></span> <span class='ocrx_word' id='word_1_158' title='bbox 1114 2908 1353 2961; x_wconf 83' lang='lat' dir='ltr'><strong>resarciri</strong></span> <span class='ocrx_word' id='word_1_159' title='bbox 1377 2926 1528 2980; x_wconf 88' lang='lat' dir='ltr'><strong>posse</strong></span> <span class='ocrx_word' id='word_1_160' title='bbox 1560 2909 1811 2978; x_wconf 86' lang='lat' dir='ltr'><strong>conjicit:</strong></span> <span class='ocrx_word' id='word_1_161' title='bbox 1844 2930 1869 2962; x_wconf 91' lang='lat'>«</span> <span class='ocrx_word' id='word_1_162' title='bbox 1892 2910 2070 2974; x_wconf 86' lang='lat' dir='ltr'><strong>Quum</strong></span> <span class='ocrx_word' id='word_1_163' title='bbox 2095 2909 2161 2962; x_wconf 89' lang='lat' dir='ltr'><strong>ad</strong></span> <span class='ocrx_word' id='word_1_164' title='bbox 2191 2929 2342 2963; x_wconf 85' lang='lat' dir='ltr'><strong>veros</strong></span> <span class='ocrx_word' id='word_1_165' title='bbox 2360 2879 2564 2980; x_wconf 88' lang='lat' dir='ltr'><strong>judices</strong></span> 
     </span>
     <span class='ocr_line' id='line_1_23' title="bbox 537 2980 2561 3062; baseline -0 -30"><span class='ocrx_word' id='word_1_166' title='bbox 537 2993 757 3034; x_wconf 83' lang='lat' dir='ltr'><strong>ventum</strong></span> <span class='ocrx_word' id='word_1_167' title='bbox 772 2992 864 3041; x_wconf 88' lang='lat' dir='ltr'><strong>est,</strong></span> <span class='ocrx_word' id='word_1_168' title='bbox 893 2998 992 3032; x_wconf 89' lang='lat' dir='ltr'><strong>nec</strong></span> <span class='ocrx_word' id='word_1_169' title='bbox 1013 2999 1125 3032; x_wconf 88' lang='lat' dir='ltr'><strong>rem</strong></span> <span class='ocrx_word' id='word_1_170' title='bbox 1143 2980 1373 3050; x_wconf 87' lang='lat' dir='ltr'><strong>cogitare</strong></span> <span class='ocrx_word' id='word_1_171' title='bbox 1388 2992 1630 3062; x_wconf 90' lang='lat' dir='ltr'><strong>possunt,</strong></span> <span class='ocrx_word' id='word_1_172' title='bbox 1651 2997 1741 3049; x_wconf 84' lang='lat' dir='ltr'><strong>qui</strong></span> <span class='ocrx_word' id='word_1_173' title='bbox 1727 2980 1886 3034; x_wconf 82' lang='lat' dir='ltr'><strong>mh1l</strong></span> <span class='ocrx_word' id='word_1_174' title='bbox 1902 2981 2120 3047; x_wconf 88' lang='lat' dir='ltr'><strong>humile,</strong></span> <span class='ocrx_word' id='word_1_175' title='bbox 2145 2981 2282 3033; x_wconf 89' lang='lat' dir='ltr'><strong>nihil</strong></span> <span class='ocrx_word' id='word_1_176' title='bbox 2296 2982 2561 3047; x_wconf 85' lang='lat' dir='ltr'><strong>abjectum</strong></span> 
     </span>
     <span class='ocr_line' id='line_1_24' title="bbox 538 3049 2559 3123; baseline -0.001 -19"><span class='ocrx_word' id='word_1_177' title='bbox 538 3052 716 3121; x_wconf 84' lang='lat' dir='ltr'><strong>eloqui</strong></span> <span class='ocrx_word' id='word_1_178' title='bbox 741 3063 1069 3123; x_wconf 79' lang='lat' dir='ltr'><strong>poterant.»</strong></span> <span class='ocrx_word' id='word_1_179' title='bbox 1102 3050 1438 3104; x_wconf 87' lang='lat' dir='ltr'><strong>Commoveri</strong></span> <span class='ocrx_word' id='word_1_180' title='bbox 1470 3049 1540 3102; x_wconf 88' lang='lat' dir='ltr'><strong>ad</strong></span> <span class='ocrx_word' id='word_1_181' title='bbox 1574 3051 1686 3102; x_wconf 85' lang='lat' dir='ltr'><strong>haec</strong></span> <span class='ocrx_word' id='word_1_182' title='bbox 1709 3053 1872 3123; x_wconf 88' lang='lat' dir='ltr'><strong>Aper,</strong></span> <span class='ocrx_word' id='word_1_183' title='bbox 1905 3065 1955 3103; x_wconf 91' lang='lat' dir='ltr'><strong>et</strong></span> <span class='ocrx_word' id='word_1_184' title='bbox 1987 3053 2292 3106; x_wconf 82' lang='lat' dir='ltr'><strong>Maternus:</strong></span> <span class='ocrx_word' id='word_1_185' title='bbox 2318 3072 2343 3105; x_wconf 88' lang='lat'>«</span> <span class='ocrx_word' id='word_1_186' title='bbox 2366 3054 2448 3103; x_wconf 85' lang='lat' dir='ltr'><strong>Ita</strong></span> <span class='ocrx_word' id='word_1_187' title='bbox 2462 3064 2559 3116; x_wconf 86' lang='lat' dir='ltr'><strong>est,</strong></span> 
     </span>
     <span class='ocr_line' id='line_1_25' title="bbox 537 3121 2565 3193; baseline -0.001 -17"><span class='ocrx_word' id='word_1_188' title='bbox 537 3124 731 3193; x_wconf 87' lang='lat' dir='ltr'><strong>inquit,</strong></span> <span class='ocrx_word' id='word_1_189' title='bbox 761 3141 953 3193; x_wconf 85' lang='lat' dir='ltr'><strong>magna</strong></span> <span class='ocrx_word' id='word_1_190' title='bbox 976 3123 1273 3192; x_wconf 84' lang='lat' dir='ltr'><strong>eloquentia</strong></span> <span class='ocrx_word' id='word_1_191' title='bbox 1297 3122 1431 3174; x_wconf 88' lang='lat' dir='ltr'><strong>sicut</strong></span> <span class='ocrx_word' id='word_1_192' title='bbox 1455 3121 1687 3188; x_wconf 88' lang='lat' dir='ltr'><strong>flamma,</strong></span> <span class='ocrx_word' id='word_1_193' title='bbox 1714 3137 1847 3187; x_wconf 87' lang='lat' dir='ltr'><strong>etc.;</strong></span> <span class='ocrx_word' id='word_1_194' title='bbox 1879 3141 1905 3173; x_wconf 88' lang='lat'>»</span> <span class='ocrx_word' id='word_1_195' title='bbox 1934 3124 2237 3176; x_wconf 87' lang='lat' dir='ltr'><strong>Maternum</strong></span> <span class='ocrx_word' id='word_1_196' title='bbox 2258 3123 2345 3174; x_wconf 93' lang='lat' dir='ltr'><strong>hic</strong></span> <span class='ocrx_word' id='word_1_197' title='bbox 2370 3141 2565 3193; x_wconf 88' lang='lat' dir='ltr'><strong>nempe</strong></span> 
     </span>
     <span class='ocr_line' id='line_1_26' title="bbox 482 3193 2563 3265; baseline -0 -19"><span class='ocrx_word' id='word_1_198' title='bbox 482 3219 489 3224; x_wconf 55' lang='lat'>¹</span> <span class='ocrx_word' id='word_1_199' title='bbox 537 3195 740 3247; x_wconf 86' lang='lat' dir='ltr'><strong>omissis</strong></span> <span class='ocrx_word' id='word_1_200' title='bbox 755 3194 1063 3263; x_wconf 83' lang='lat' dir='ltr'><strong>ambagibus</strong></span> <span class='ocrx_word' id='word_1_201' title='bbox 1080 3193 1319 3265; x_wconf 83' lang='lat' dir='ltr'><strong>adripere</strong></span> <span class='ocrx_word' id='word_1_202' title='bbox 1341 3193 1442 3246; x_wconf 85' lang='lat' dir='ltr'><strong>sibi</strong></span> <span class='ocrx_word' id='word_1_203' title='bbox 1465 3193 1717 3263; x_wconf 89' lang='lat' dir='ltr'><strong>loquendi</strong></span> <span class='ocrx_word' id='word_1_204' title='bbox 1737 3207 1931 3265; x_wconf 88' lang='lat' dir='ltr'><strong>partes,</strong></span> <span class='ocrx_word' id='word_1_205' title='bbox 1953 3213 2021 3246; x_wconf 89' lang='lat' dir='ltr'><strong>ne</strong></span> <span class='ocrx_word' id='word_1_206' title='bbox 2040 3197 2185 3265; x_wconf 88' lang='lat' dir='ltr'><strong>Aper</strong></span> <span class='ocrx_word' id='word_1_207' title='bbox 2200 3195 2362 3251; x_wconf 88' lang='lat' dir='ltr'><strong>homo</strong></span> <span class='ocrx_word' id='word_1_208' title='bbox 2382 3195 2563 3246; x_wconf 89' lang='lat' dir='ltr'><strong>conci·</strong></span> 
     </span>
     <span class='ocr_line' id='line_1_27' title="bbox 535 3264 2564 3336; baseline 0 -20"><span class='ocrx_word' id='word_1_209' title='bbox 535 3264 737 3319; x_wconf 88' lang='lat' dir='ltr'><strong>tatioris</strong></span> <span class='ocrx_word' id='word_1_210' title='bbox 767 3265 965 3335; x_wconf 88' lang='lat' dir='ltr'><strong>ingenii</strong></span> <span class='ocrx_word' id='word_1_211' title='bbox 992 3284 1115 3318; x_wconf 90' lang='lat' dir='ltr'><strong>eum</strong></span> <span class='ocrx_word' id='word_1_212' title='bbox 1149 3265 1444 3335; x_wconf 85' lang='lat' dir='ltr'><strong>interpellet</strong></span> <span class='ocrx_word' id='word_1_213' title='bbox 1479 3264 1615 3333; x_wconf 84' lang='lat' dir='ltr'><strong>(vid.</strong></span> <span class='ocrx_word' id='word_1_214' title='bbox 1652 3267 1861 3319; x_wconf 90' lang='lat' dir='ltr'><strong>Schulz.</strong></span> <span class='ocrx_word' id='word_1_215' title='bbox 1897 3266 2000 3321; x_wconf 90' lang='lat' dir='ltr'><strong>loc.</strong></span> <span class='ocrx_word' id='word_1_216' title='bbox 2050 3267 2138 3317; x_wconf 89' lang='lat' dir='ltr'><strong>cit.</strong></span> <span class='ocrx_word' id='word_1_217' title='bbox 2166 3266 2283 3336; x_wconf 92' lang='lat'><strong>)-</strong></span> <span class='ocrx_word' id='word_1_218' title='bbox 2317 3266 2564 3320; x_wconf 82' lang='lat' dir='ltr'><strong>Schurtz-</strong></span> 
     </span>
     <span class='ocr_line' id='line_1_28' title="bbox 531 3335 2563 3407; baseline -0 -19"><span class='ocrx_word' id='word_1_219' title='bbox 531 3335 818 3388; x_wconf 85' lang='lat' dir='ltr'><strong>Fleischius</strong></span> <span class='ocrx_word' id='word_1_220' title='bbox 842 3350 1044 3401; x_wconf 87' lang='lat' dir='ltr'><strong>contra,</strong></span> <span class='ocrx_word' id='word_1_221' title='bbox 1059 3337 1190 3389; x_wconf 87' lang='lat' dir='ltr'><strong>citra</strong></span> <span class='ocrx_word' id='word_1_222' title='bbox 1212 3344 1462 3406; x_wconf 66' lang='lat' dir='ltr'><strong>magnum</strong></span> <span class='ocrx_word' id='word_1_223' title='bbox 1481 3337 1738 3401; x_wconf 85' lang='lat' dir='ltr'><strong>laborem,</strong></span> <span class='ocrx_word' id='word_1_224' title='bbox 1759 3336 1832 3388; x_wconf 88' lang='lat' dir='ltr'><strong>sic</strong></span> <span class='ocrx_word' id='word_1_225' title='bbox 1848 3337 2049 3388; x_wconf 89' lang='lat' dir='ltr'><strong>restitui</strong></span> <span class='ocrx_word' id='word_1_226' title='bbox 2071 3355 2222 3407; x_wconf 86' lang='lat' dir='ltr'><strong>posse</strong></span> <span class='ocrx_word' id='word_1_227' title='bbox 2240 3338 2419 3388; x_wconf 89' lang='lat' dir='ltr'><strong>locum</strong></span> <span class='ocrx_word' id='word_1_228' title='bbox 2437 3355 2563 3387; x_wconf 89' lang='lat' dir='ltr'><strong>cen-</strong></span> 
     </span>
     <span class='ocr_line' id='line_1_29' title="bbox 529 3406 2563 3480; baseline -0 -20"><span class='ocrx_word' id='word_1_229' title='bbox 529 3420 643 3461; x_wconf 87' lang='lat' dir='ltr'><strong>set:</strong></span> <span class='ocrx_word' id='word_1_230' title='bbox 668 3407 1015 3480; x_wconf 83' lang='lat' dir='ltr'><strong>«Ingentibus</strong></span> <span class='ocrx_word' id='word_1_231' title='bbox 1033 3407 1200 3460; x_wconf 83' lang='lat' dir='ltr'><strong>verbis</strong></span> <span class='ocrx_word' id='word_1_232' title='bbox 1214 3420 1617 3478; x_wconf 88' lang='lat' dir='ltr'><strong>persequuntur,</strong></span> <span class='ocrx_word' id='word_1_233' title='bbox 1632 3426 1804 3478; x_wconf 89' lang='lat' dir='ltr'><strong>quum</strong></span> <span class='ocrx_word' id='word_1_234' title='bbox 1809 3406 1878 3460; x_wconf 87' lang='lat' dir='ltr'><strong>ad</strong></span> <span class='ocrx_word' id='word_1_235' title='bbox 1896 3426 2044 3460; x_wconf 87' lang='lat' dir='ltr'><strong>veros</strong></span> <span class='ocrx_word' id='word_1_236' title='bbox 2050 3408 2254 3479; x_wconf 79' lang='lat' dir='ltr'><strong>Judices</strong></span> <span class='ocrx_word' id='word_1_237' title='bbox 2262 3422 2476 3461; x_wconf 85' lang='lat' dir='ltr'><strong>ventum</strong></span> <span class='ocrx_word' id='word_1_238' title='bbox 2486 3421 2563 3459; x_wconf 90' lang='lat' dir='ltr'><strong>est</strong></span> 
     </span>
     <span class='ocr_line' id='line_1_30' title="bbox 531 3475 2563 3550; baseline -0.001 -19"><span class='ocrx_word' id='word_1_239' title='bbox 531 3478 668 3531; x_wconf 87' lang='lat' dir='ltr'><strong>nihil</strong></span> <span class='ocrx_word' id='word_1_240' title='bbox 681 3475 903 3542; x_wconf 89' lang='lat' dir='ltr'><strong>humile,</strong></span> <span class='ocrx_word' id='word_1_241' title='bbox 922 3478 1056 3530; x_wconf 86' lang='lat' dir='ltr'><strong>nihil</strong></span> <span class='ocrx_word' id='word_1_242' title='bbox 1083 3479 1340 3549; x_wconf 87' lang='lat' dir='ltr'><strong>abjectum</strong></span> <span class='ocrx_word' id='word_1_243' title='bbox 1360 3479 1537 3547; x_wconf 89' lang='lat' dir='ltr'><strong>eloqui</strong></span> <span class='ocrx_word' id='word_1_244' title='bbox 1555 3492 1811 3549; x_wconf 88' lang='lat' dir='ltr'><strong>oporteat</strong></span> <span class='ocrx_word' id='word_1_245' title='bbox 1837 3497 1863 3529; x_wconf 70' lang='grc' dir='ltr'><strong>ι)</strong></span> <span class='ocrx_word' id='word_1_246' title='bbox 1889 3479 2043 3549; x_wconf 87' lang='lat' dir='ltr'><strong>Ejicit</strong></span> <span class='ocrx_word' id='word_1_247' title='bbox 2064 3481 2280 3550; x_wconf 89' lang='lat' dir='ltr'><strong>itaque.</strong></span> <span class='ocrx_word' id='word_1_248' title='bbox 2308 3499 2405 3530; x_wconf 81' lang='lat' dir='ltr'><strong>rem</strong></span> <span class='ocrx_word' id='word_1_249' title='bbox 2422 3480 2563 3546; x_wconf 74' lang='lat' dir='ltr'><strong>cogi-</strong></span> 
     </span>
     <span class='ocr_line' id='line_1_31' title="bbox 533 3548 2561 3633; baseline 0.001 -32"><span class='ocrx_word' id='word_1_250' title='bbox 533 3562 664 3610; x_wconf 73' lang='lat' dir='ltr'><strong>tare,</strong></span> <span class='ocrx_word' id='word_1_251' title='bbox 696 3548 986 3618; x_wconf 86' lang='lat' dir='ltr'><strong>suspicatus</strong></span> <span class='ocrx_word' id='word_1_252' title='bbox 1014 3568 1203 3619; x_wconf 88' lang='lat' dir='ltr'><strong>nempe</strong></span> <span class='ocrx_word' id='word_1_253' title='bbox 1225 3550 1540 3601; x_wconf 85' lang='lat' dir='ltr'><strong>librarium&#39;</strong></span> <span class='ocrx_word' id='word_1_254' title='bbox 1527 3569 1582 3601; x_wconf 88' lang='lat' dir='ltr'><strong>m</strong></span> <span class='ocrx_word' id='word_1_255' title='bbox 1616 3551 1852 3621; x_wconf 88' lang='lat' dir='ltr'><strong>margine</strong></span> <span class='ocrx_word' id='word_1_256' title='bbox 1878 3549 2148 3619; x_wconf 87' lang='lat' dir='ltr'><strong>quondam</strong></span> <span class='ocrx_word' id='word_1_257' title='bbox 2180 3550 2509 3633; x_wconf 87' lang='lat' dir='ltr'><strong>adscripsisse</strong></span> <span class='ocrx_word' id='word_1_258' title='bbox 2547 3569 2561 3604; x_wconf 77' lang='lat' dir='ltr'><strong><em>z</em></strong></span> 
     </span>
     <span class='ocr_line' id='line_1_32' title="bbox 534 3619 2563 3691; baseline 0 -19"><span class='ocrx_word' id='word_1_259' title='bbox 534 3641 560 3672; x_wconf 75' lang='grc' dir='ltr'><strong>ι(</strong></span> <span class='ocrx_word' id='word_1_260' title='bbox 577 3639 702 3672; x_wconf 90' lang='lat' dir='ltr'><strong>rem</strong></span> <span class='ocrx_word' id='word_1_261' title='bbox 730 3620 960 3689; x_wconf 82' lang='lat' dir='ltr'><strong>cogitare</strong></span> <span class='ocrx_word' id='word_1_262' title='bbox 980 3639 1006 3671; x_wconf 74' lang='grc' dir='ltr'><strong>ιι</strong></span> <span class='ocrx_word' id='word_1_263' title='bbox 1028 3620 1180 3671; x_wconf 82' lang='lat' dir='ltr'><strong>sicuti</strong></span> <span class='ocrx_word' id='word_1_264' title='bbox 1201 3639 1366 3691; x_wconf 83' lang='lat' dir='ltr'><strong>graece</strong></span> <span class='ocrx_word' id='word_1_265' title='bbox 1388 3621 1590 3673; x_wconf 89' lang='lat' dir='ltr'><strong>librarii</strong></span> <span class='ocrx_word' id='word_1_266' title='bbox 1615 3620 1883 3674; x_wconf 88' lang='lat' dir='ltr'><strong>interdum</strong></span> <span class='ocrx_word' id='word_1_267' title='bbox 1907 3622 2296 3675; x_wconf 87' lang='lat' dir='ltr'><strong>obscurioribus</strong></span> <span class='ocrx_word' id='word_1_268' title='bbox 2318 3621 2448 3674; x_wconf 86' lang='lat' dir='ltr'><strong>locis</strong></span> <span class='ocrx_word' id='word_1_269' title='bbox 2470 3619 2563 3673; x_wconf 83' lang='lat' dir='ltr'><strong>ad—</strong></span> 
     </span>
     <span class='ocr_line' id='line_1_33' title="bbox 529 3691 1539 3764; baseline 0.007 -20"><span class='ocrx_word' id='word_1_270' title='bbox 529 3692 756 3745; x_wconf 86' lang='lat' dir='ltr'><strong>scrihere</strong></span> <span class='ocrx_word' id='word_1_271' title='bbox 779 3691 1016 3744; x_wconf 89' lang='lat' dir='ltr'><strong>solebant</strong></span> <span class='ocrx_word' id='word_1_272' title='bbox 1040 3700 1167 3758; x_wconf 81' lang='grc' dir='ltr'><strong>ζήτει</strong></span> <span class='ocrx_word' id='word_1_273' title='bbox 1199 3693 1281 3743; x_wconf 81' lang='lat' dir='ltr'><strong>vel</strong></span> <span class='ocrx_word' id='word_1_274' title='bbox 1303 3697 1539 3764; x_wconf 76' lang='grc' dir='ltr'><strong>φρόντιζε·</strong></span> 
     </span>
    </p>

    <p class='ocr_par' dir='ltr' id='par_1_9' title="bbox 522 3750 2563 4116">
     <span class='ocr_line' id='line_1_34' title="bbox 564 3750 2560 3834; baseline 0 -19"><span class='ocrx_word' id='word_1_275' title='bbox 564 3750 940 3816; x_wconf 75' lang='lat' dir='ltr'><strong>paucissimos</strong></span> <span class='ocrx_word' id='word_1_276' title='bbox 968 3775 1175 3815; x_wconf 88' lang='lat' dir='ltr'><strong>tantum</strong></span> <span class='ocrx_word' id='word_1_277' title='bbox 1219 3764 1307 3815; x_wconf 91' lang='lat' dir='ltr'><strong>hic</strong></span> <span class='ocrx_word' id='word_1_278' title='bbox 1350 3782 1525 3816; x_wconf 88' lang='lat' dir='ltr'><strong>versus</strong></span> <span class='ocrx_word' id='word_1_279' title='bbox 1561 3760 1785 3815; x_wconf 88' lang='lat' dir='ltr'><strong>deficere</strong></span> <span class='ocrx_word' id='word_1_280' title='bbox 1822 3764 2013 3834; x_wconf 90' lang='lat' dir='ltr'><strong>quibus</strong></span> <span class='ocrx_word' id='word_1_281' title='bbox 2045 3766 2278 3818; x_wconf 77' lang='lat' dir='ltr'><strong>Messalae</strong></span> <span class='ocrx_word' id='word_1_282' title='bbox 2305 3751 2560 3831; x_wconf 86' lang='lat' dir='ltr'><strong>Secundi,</strong></span> 
     </span>
     <span class='ocr_line' id='line_1_35' title="bbox 527 3833 2560 3918; baseline -0 -31"><span class='ocrx_word' id='word_1_283' title='bbox 527 3833 758 3887; x_wconf 85' lang='lat' dir='ltr'><strong>Secundi</strong></span> <span class='ocrx_word' id='word_1_284' title='bbox 778 3834 948 3886; x_wconf 88' lang='lat' dir='ltr'><strong>oratio</strong></span> <span class='ocrx_word' id='word_1_285' title='bbox 970 3834 1200 3886; x_wconf 88' lang='lat' dir='ltr'><strong>Materni</strong></span> <span class='ocrx_word' id='word_1_286' title='bbox 1208 3836 1527 3918; x_wconf 80' lang='lat' dir='ltr'><strong>jungeretur</strong></span> <span class='ocrx_word' id='word_1_287' title='bbox 1550 3835 1799 3899; x_wconf 86' lang='lat' dir='ltr'><strong>orationi,</strong></span> <span class='ocrx_word' id='word_1_288' title='bbox 1819 3849 1993 3889; x_wconf 88' lang='lat' dir='ltr'><strong>censet</strong></span> <span class='ocrx_word' id='word_1_289' title='bbox 2015 3837 2305 3902; x_wconf 85' lang='lat' dir='ltr'><strong>Bekkerus,</strong></span> <span class='ocrx_word' id='word_1_290' title='bbox 2323 3848 2374 3887; x_wconf 92' lang='lat' dir='ltr'><strong>et</strong></span> <span class='ocrx_word' id='word_1_291' title='bbox 2397 3836 2560 3887; x_wconf 79' lang='lat' dir='ltr'><strong>verba</strong></span> 
     </span>
     <span class='ocr_line' id='line_1_36' title="bbox 526 3874 2560 3977; baseline 0.002 -23"><span class='ocrx_word' id='word_1_292' title='bbox 526 3923 643 3974; x_wconf 81' lang='lat' dir='ltr'><strong>quae</strong></span> <span class='ocrx_word' id='word_1_293' title='bbox 666 3904 787 3956; x_wconf 76' lang='lat' dir='ltr'><strong>fecit</strong></span> <span class='ocrx_word' id='word_1_294' title='bbox 809 3906 1079 3958; x_wconf 84' lang='lat' dir='ltr'><strong>Maternus</strong></span> <span class='ocrx_word' id='word_1_295' title='bbox 1098 3906 1200 3957; x_wconf 84' lang='lat' dir='ltr'><strong>ab</strong></span> <span class='ocrx_word' id='word_1_296' title='bbox 1187 3906 1247 3957; x_wconf 74' lang='lat' dir='ltr'><strong>iis</strong></span> <span class='ocrx_word' id='word_1_297' title='bbox 1271 3906 1549 3977; x_wconf 89' lang='lat' dir='ltr'><strong>incipere.</strong></span> <span class='ocrx_word' id='word_1_298' title='bbox 1576 3928 1601 3959; x_wconf 76' lang='grc' dir='ltr'><strong>ε(</strong></span> <span class='ocrx_word' id='word_1_299' title='bbox 1629 3925 1738 3958; x_wconf 86' lang='grc' dir='ltr'><strong>ιιοιι</strong></span> <span class='ocrx_word' id='word_1_300' title='bbox 1764 3874 1833 3958; x_wconf 83' lang='lat' dir='ltr'><strong>de</strong></span> <span class='ocrx_word' id='word_1_301' title='bbox 1854 3925 1913 3960; x_wconf 85' lang='lat' dir='ltr'><strong>re</strong></span> <span class='ocrx_word' id='word_1_302' title='bbox 1930 3908 2099 3963; x_wconf 81' lang='lat' dir='ltr'><strong>otiosa</strong></span> <span class='ocrx_word' id='word_1_303' title='bbox 2127 3931 2152 3959; x_wconf 70' lang='grc' dir='ltr'><strong>ι</strong></span> <span class='ocrx_word' id='word_1_304' title='bbox 2178 3907 2301 3961; x_wconf 79' lang='lat' dir='ltr'><strong>vide</strong></span> <span class='ocrx_word' id='word_1_305' title='bbox 2325 3906 2560 3958; x_wconf 83' lang='lat' dir='ltr'><strong>Bekkeri</strong></span> 
     </span>
     <span class='ocr_line' id='line_1_37' title="bbox 523 3974 2563 4051; baseline 0.001 -23"><span class='ocrx_word' id='word_1_306' title='bbox 523 3975 904 4028; x_wconf 82' lang='lat' dir='ltr'><strong>Annotationes</strong></span> <span class='ocrx_word' id='word_1_307' title='bbox 937 3974 1083 4047; x_wconf 83' lang='lat' dir='ltr'><strong>apud</strong></span> <span class='ocrx_word' id='word_1_308' title='bbox 1115 3977 1392 4043; x_wconf 88' lang='lat' dir='ltr'><strong>Orellium,</strong></span> <span class='ocrx_word' id='word_1_309' title='bbox 1418 3998 1475 4048; x_wconf 91' lang='lat' dir='ltr'><strong>p.</strong></span> <span class='ocrx_word' id='word_1_310' title='bbox 1503 3980 1571 4034; x_wconf 80' lang='lat'><strong>95</strong></span> <span class='ocrx_word' id='word_1_311' title='bbox 1590 3996 1697 4047; x_wconf 88' lang='lat' dir='ltr'><strong>seq.</strong></span> <span class='ocrx_word' id='word_1_312' title='bbox 1723 3979 1829 4031; x_wconf 84' lang='lat' dir='ltr'><strong>Ista</strong></span> <span class='ocrx_word' id='word_1_313' title='bbox 1853 3978 2069 4047; x_wconf 86' lang='lat' dir='ltr'><strong>quidem</strong></span> <span class='ocrx_word' id='word_1_314' title='bbox 2102 3980 2265 4051; x_wconf 82' lang='lat' dir='ltr'><strong>magis</strong></span> <span class='ocrx_word' id='word_1_315' title='bbox 2286 3977 2563 4049; x_wconf 80' lang='lat' dir='ltr'><strong>ingeniosa</strong></span> 
     </span>
     <span class='ocr_line' id='line_1_38' title="bbox 522 4046 1289 4116; baseline 0.003 -18"><span class='ocrx_word' id='word_1_316' title='bbox 522 4064 682 4116; x_wconf 85' lang='lat' dir='ltr'><strong>quam</strong></span> <span class='ocrx_word' id='word_1_317' title='bbox 706 4064 830 4101; x_wconf 79' lang='lat' dir='ltr'><strong>vera</strong></span> <span class='ocrx_word' id='word_1_318' title='bbox 849 4047 1005 4099; x_wconf 86' lang='lat' dir='ltr'><strong>nobis</strong></span> <span class='ocrx_word' id='word_1_319' title='bbox 1022 4046 1289 4102; x_wconf 76' lang='lat' dir='ltr'><strong>videntur.</strong></span> 
     </span>
    </p>
   </div>
  </div>
 </body>
</html>
