2900 4678
1303 220 1697 291 ...38-

491 347 796 419 absoluta
814 370 835 432 ;
895 346 1072 416 hanc
1123 344 1593 414 architecturae
1638 357 1705 413 et
1759 344 2076 437 picturae,
2128 344 2304 414 hanc
2354 368 2517 438 poe-

498 447 680 534 ticae,
721 445 899 514 hano
953 440 1173 512 soluto
1218 441 1518 511 sermoni
1564 439 1777 536 legem
1824 441 2172 536 imposuit.
2231 442 2379 531 Sic,
2449 441 2520 510 in

494 557 733 614 nostro
787 541 1075 635 septimo
1131 538 1394 610 decimo
1454 539 1737 628 saeculo,
1799 539 2303 635 praecavebatur
2367 554 2523 608 ante

495 640 725 711 omnia
760 665 845 708 ne
877 637 1043 733 quid
1078 639 1148 706 in
1173 638 1492 733 operibus
1520 636 1846 731 penderet
1888 639 2372 732 interruptum,
2408 653 2525 708 aut

499 740 572 825 in
624 737 719 807 eis
769 735 1394 832 deprehenderetur
1438 734 1695 829 aliquid
1754 734 2178 829 incomptum
2233 750 2349 804 aut
2411 736 2521 804 in·

498 836 935 930 castigatum,
983 835 1075 903 ita
1113 847 1226 922 ut,
1272 834 1472 927 hujus
1517 830 2034 902 aetatis'nullum
2069 833 2210 902 fere
2255 858 2393 902 non
2439 831 2525 902 ad

498 958 792 1028 unguem
831 930 1119 1026 politum
1156 955 1328 1024 opus
1367 930 1668 999 invenias
1700 956 1717 998 ε
1759 945 2035 1021 contra,
2076 931 2327 1000 nostris
2357 945 2529 999 tem-

500 1030 818 1129 poribus,
866 1027 1047 1099 haud
1089 1027 1292 1098 semel
1347 1028 1631 1115 accidit,
1688 1026 1971 1122 legentis
2026 1026 2335 1101 videlicet
2379 1026 2529 1098 ani-

503 1153 692 1199 mum
728 1126 1067 1198 excitandi
1104 1150 1327 1214 causa,
1372 1141 1450 1195 ut
1478 1125 1811 1195 incideres
1840 1127 1912 1194 in
1954 1125 2204 1196 librum
2237 1125 2531 1220 aliquem

504 1225 589 1296 de
620 1225 948 1307 industria
977 1225 1165 1318 quasi
1189 1225 1518 1293 hiantem.
1545 1223 1902 1292 Hodierno
1937 1223 2159 1293 a'utem
2195 1238 2527 1319 tempore,

398 1395 403 1401 ,
505 1325 617 1394 vix
641 1350 809 1419 opus
837 1321 1078 1411 ullum,
1109 1324 1312 1403 etiam
1331 1346 1368 1389 e
1396 1320 1808 1408 clarissimis,
1835 1322 2133 1416 reperire
2166 1337 2264 1391 est
2290 1323 2361 1390 in
2395 1346 2533 1416 quo

509 1445 651 1493 non
685 1423 771 1491 sit
804 1419 989 1516 quod
1016 1418 1169 1513 jure
1204 1417 1695 1513 reprehendas·,
1740 1419 2114 1514 fragmenta
2142 1420 2529 1514 omnigena,

422 1558 425 1561 2
511 1519 1005 1615 pulcherrimos
1050 1516 1259 1602 locoS,
1307 1515 1478 1585 nihil
1532 1517 1815 1586 omnino
1871 1518 2151 1612 perfecti
2205 1518 2529 1587 invenies.

511 1615 702 1687 Alius
731 1641 853 1711 par
886 1616 1112 1709 operis
1145 1638 1456 1697 summae,
1497 1614 1571 1684 in
1596 1613 1882 1710 'singulis
1918 1616 2173 1685 errabit
2209 1615 2541 1710 peccabit-

514 1739 680 1811 que3
706 1714 876 1785 alius
892 1715 963 1781 in
986 1712 1441 1808 exprimendis
1466 1712 1818 1783 affectibus
1845 1714 2133 1808 perituS,
2157 1714 2392 1784 rudem
2416 1715 2539 1782 tihi

515 1812 761 1882 offeret
810 1827 1065 1882 textum
1103 1812 1460 1899 orationis,
1502 1826 1570 1880 et
1616 1835 1822 1906 opera
1871 1813 2137 1881 inverso
2183 1810 2357 1907 stylo
2398 1836 2539 1881 non

516 1926 858 1999 correcta3
900 1907 1070 1980 alius
1104 1909 1477 1979 deridenda
1512 1908 1911 1987 sublimibus
1941 1909 2272 1999 miscebit,
2315 1911 2545 1979 tenuia

406 2089 413 2096 .
518 2008 934 2104 ingentibus,
956 2009 1192 2101 Itaque
1222 2030 1431 2102 quum
1466 2021 1771 2077 veterum
1790 2007 2084 2078 fautores
2102 2023 2361 2079 veteres
2387 2031 2543 2078 suos

520 2106 876 2201 magistros
909 2130 1174 2200 semper
1200 2119 1445 2201 praesto
1479 2105 1800 2194 habeant,
1842 2104 2201 2175 novatores
2237 2107 2545 2200 specimi-

525 2204 724 2275 nibus
779 2218 1092 2293 careant,
1135 2228 1400 2298 semper
1450 2201 1564 2272 illa
1607 2203 1836 2297 inopia
1879 2203 2372 2299 posterioribus
2415 2228 2546 2298 op-

571 2301 807 2371 robrio
851 2301 1161 2372 vertitur.
1213 2301 1622 2396 Quanquam
1668 2298 1837 2371 nihil
1885 2303 1958 2371 in
2011 2326 2093 2372 eo
2139 2303 2310 2372 inest
2360 2302 2544 2398 quod

521 2328 713 2470 litem
748 2399 1023 2469 dirimat
1065 2427 1080 2468 ε
1125 2402 1376 2469 etenim
1414 2425 1553 2469 non
1603 2399 1834 2469 decem
1885 2415 2004 2471 aut
2045 2401 2282 2495 viginti
2320 2400 2541 2488 annis,

527 2498 644 2567 sed
699 2496 994 2565 duorum
1042 2512 1158 2565 aut
1214 2498 1422 2566 trium
1474 2496 1870 2567 saeculorum
1921 2498 2276 2569 intervallo
2331 2499 2548 2568 conti-

530 2608 782 2663 nentur
837 2593 1212 2664 litterarum
1270 2594 1398 2663 illae
1443 2597 1952 2684 conversiones3
2017 2621 2269 2666 novum
2331 2596 2547 2665 infor·
2595 2645 2598 2648 Δ

528 2708 753 2762 matur
772 2694 1095 2762 orationis
1120 2717 1353 2786 genus,
1389 2692 1583 2764 novis
1603 2689 1905 2763 moribus
1927 2694 2503 2770 accommodatum
2523 2719 2543 2781 ;

531 2805 598 2859 et
621 2791 752 2859 viri
790 2789 886 2858 illi
922 2791 1222 2884 signiferi
1253 2790 1658 2880 litterarum,
1683 2817 1825 2861 non
1852 2793 1979 2862 nisi
2008 2791 2214 2887 longo
2244 2807 2550 2885 tempore

532 2915 572 2960 a
609 2903 854 2957 natura
892 2890 1079 2982 quasi
1115 2890 1474 2984 praeparati
1509 2905 1860 2984 apparent.

628 2985 928 3055 Messalae
964 3011 1124 3081 ergo
1163 2985 1327 3055 illud
1358 3003 1856 3082 argumentum,
1882 2987 2005 3058 etsi
2031 3004 2196 3058 tunc
2229 2987 2553 3081 temporis

528 3081 763 3173 valuit,
804 3083 983 3179 apud
1021 3109 1144 3153 nos
1174 3084 1394 3154 minus
1426 3081 1634 3155 habet
1677 3085 2131 3175 auctoritatis3
2178 3101 2339 3156 tunc
2369 3082 2554 3155 enim

529 3182 732 3252 etiam
768 3181 1145 3278 fragmenta
1176 3179 1460 3277 pulchra
1493 3182 1775 3255 deerant
1809 3184 1882 3253 in
1910 3180 2177 3274 litteris,
2206 3183 2279 3253 in
2313 3196 2552 3253 nostro

532 3276 825 3373 plurima
857 3294 924 3350 et
956 3278 1242 3352 illustria
1273 3305 1533 3352 cernas,
1776 3289 1804 3294 ”
1887 3295 1890 3298 ’

1461 3567 1638 3658 §4-

632 3771 914 3865 Incepto
927 3794 1050 3840 suo
1071 3770 1319 3840 insistit
1334 3769 1616 3841 Messala
1634 3788 1702 3842 et
1717 3772 2136 3866 degeneratae
2155 3772 2562 3867 eloquentiae

538 3889 766 3936 causas
791 3869 1127 3962 expromit
1167 3893 1184 3940 ε
1235 3893 1382 3964 quae
1429 3869 1706 3964 quidem
1741 3869 1852 3937 ille
1890 3872 2024 3941 sui‘s
2060 3872 2392 3966 aequaevis,
2433 3894 2561 3940 nos

537 3963 785 4036 nostris
813 3964 1102 4038 libenter
1136 3966 1530 4060 objiciemus
1565 3966 1848 4038 crimina
1885 3994 1898 4036 ε
