2900 4678
484 386 779 482 quentiae
833 399 1094 479 agatur,
1152 386 1220 453 in
1259 384 1695 480 sequentibus
1728 408 1889 453 vero
1923 398 2164 453 contra
2203 400 2511 455 oratores

485 508 858 578 eorumque
909 498 1122 553 artem
1170 482 1577 578 disputetur.
1634 481 1927 552 Secundi
1969 481 2175 551 verba
2214 497 2513 553 anteces-

490 583 651 652 sisse
685 605 952 651 necesse
979 596 1117 670 est3
1159 580 1508 651 Secundus
1535 582 1739 651 etiam
1761 594 1997 651 orator
2021 580 2180 650 satis
2202 579 2512 652 laudatus

490 696 558 751 et
591 680 1032 750 historiarum
1066 694 1328 767 auctor,
1354 680 1582 774 potius
1598 677 1899 749 Messalae
1932 702 2313 749 sermonem
2341 680 2514 749 exci-

490 804 651 873 pere
679 776 939 848 valebat
967 802 1170 871 quam
1194 779 1546 849 Maternus
1571 777 1714 872 qui,
1749 774 1985 847 relicto
2021 776 2174 846 foro
2199 777 2510 872 judiciis-

492 901 662 971 que,
704 901 913 970 quum
949 889 1165 970 poetae
1198 891 1464 945 tantum
1505 873 1820 946 laudibus
1862 875 2176 963 floreret,
2222 875 2513 969 ideoque

490 989 677 1044 extra
702 973 1209 1045 contentionem
1238 975 1425 1068 quasi
1458 974 1717 1070 positus
1747 987 1942 1062 esset,
1973 972 2228 1068 optime
2245 988 2313 1042 et
2332 973 2516 1054 solus
2619 1042 2623 1047 .

493 1071 578 1143 ad
613 1086 824 1143 totam
866 1069 1055 1143 litem
1081 1070 1622 1166 componendam
1667 1087 1865 1183 aptus
1904 1084 2086 1159 erat,
2125 1069 2271 1141 illas
2304 1071 2514 1141 ratio-

495 1196 613 1240 nes
648 1168 1101 1264 proferendo,
1132 1195 1281 1264 quae
1323 1193 1579 1264 magnae
1615 1169 1859 1240 veteris
1902 1166 2077 1238 illius
2109 1165 2514 1262 eloquentiae

493 1268 816 1338 damnum
865 1266 1066 1337 bonis
1120 1266 1270 1336 aliis
1319 1281 1830 1378 compensantes
1887 1264 2146 1336 solatio
2164 1290 2304 1336 esse
2351 1292 2512 1362 pos-

493 1381 643 1436 sent
669 1369 710 1434 ¹.
758 1392 793 1430 n
835 1363 1043 1453 Quod
1090 1364 1176 1434 ad
1217 1389 1381 1452 noS,
1415 1365 1661 1434 iterum
1690 1380 1893 1459 atque
1921 1364 2166 1433 iterum
2207 1364 2513 1459 inspecto

493 1461 733 1548 loco,
708 1486 847 1555 Jam
884 1487 1047 1531 vero
1073 1459 1269 1532 aliter
1300 1464 1664 1550 sentimus,
1712 1463 1925 1557 iisque
1965 1462 2368 1532 assentimur
2394 1463 2513 1557 qui

495 1585 700 1654 supra
728 1561 796 1628 in
817 1558 1101 1630 lacuna
1084 1560 1330 1655 insigni
1356 1584 1507 1654 quae
1528 1560 1652 1630 sub
1677 1560 1881 1631 finem
1896 1585 2044 1656 cap.
2080 1584 2265 1629 xxxv
2295 1575 2515 1630 exsta-

495 1657 657 1745 bat,
708 1656 1046 1728 defectum
1096 1655 1288 1727 illum
1336 1673 1676 1752 quaerunt.
1725 1658 1958 1753 ltaque
1993 1657 2199 1728 verba
2223 1682 2372 1753 quae
2406 1683 2511 1728 se-

497 1771 843 1851 quuntur.
877 1784 913 1822 «
944 1757 1102 1827 Non
1130 1755 1214 1825 de
1241 1760 1462 1827 otiosa
1489 1781 1562 1825 re
1592 1782 1629 1822 »
1649 1781 2074 1851 nequaquam
2087 1755 2459 1827 abhorrere
2477 1781 2515 1826 a

499 1853 1035 1964 praecedentibus
1076 1854 1415 1943 videntur,
1458 1853 1739 1949 fierique
1769 1870 2016 1949 potest,
2057 1851 2429 1924 incolumi
2404 1879 2516 1947 Ju-

497 1951 717 2041 dicio,
751 1966 827 2021 ut
860 1951 1060 2022 unius
1081 1952 1513 2047 ejusdemque
1546 1953 1681 2022 sint
1705 1978 2031 2049 personae.
2072 1951 2259 2040 Quid
2282 1952 2502 2021 enim.
2486 1950 2515 2004 ἶ)

498 2050 850 2121 Maternus
882 2064 1233 2119 oratorum
1285 2068 1586 2120 veterum
1633 2053 2087 2146 praestantiam
2128 2074 2208 2120 ex
2241 2048 2515 2120 turbida

497 2148 745 2217 veteris
789 2145 1176 2241 reipublicae
1226 2148 1622 2217 conditione
1683 2148 2132 2243 explicaturus
2190 2130 2511 2241 paulatim

497 2245 783 2341 assurgit
832 2259 900 2314 et
935 2259 1293 2341 postquam
1334 2245 1769 2317 incitamenta
1820 2247 2081 2342 antiqui
2123 2244 2411 2315 oratoris
2448 2260 2517 2315 et

500 2346 776 2437 praemia
826 2345 1257 2439 percensuit²
1306 2344 1729 2439 formamque
1766 2344 2216 2438 judiciorum
2227 2358 2296 2414 et
2341 2368 2514 2413 con-

499 2440 926 2511 suetudinem
972 2443 1161 2536 prius
1218 2443 1439 2511 minus
1481 2442 1867 2512 adstrictam
1912 2443 2300 2536 descripsit,
2367 2466 2516 2536 pos-

501 2554 819 2628 tremum,
858 2564 1082 2626 c.x1.,
1122 2538 1304 2633 quod
1340 2541 1547 2610 sentit
1581 2542 2019 2636 pronuntiat.
2059 2539 2513 2635 eloquentiam

499 2634 838 2707 alumnam
884 2662 1024 2707 esse
1067 2636 1352 2707 licentiae
1395 2653 1525 2708 etc.
1549 2665 1567 2727 3
1610 2637 1901 2734 ideoque
1946 2638 2125 2734 apud
2173 2639 2507 2733 antiquos,

498 2759 708 2829 quum
738 2733 1016 2805 licenter
1047 2751 1325 2830 agerent
1356 2761 1504 2805 eam
1536 2751 1749 2806 artem
1784 2738 2111 2832 viguisse3
2157 2736 2273 2806 sed
2309 2761 2515 2831 quum

491 2834 678 2925 jam,
719 2847 942 2902 amota
961 2831 1240 2902 licentia
1271 2832 1573 2904 modeste
1626 2835 2009 2924 viveretur,
2049 2836 2330 2905 fractam
2379 2859 2516 2905 esse

499 2884 681 2999 illani
721 2931 1156 3024 antiquorum
1192 2946 1576 3028 temporum
1612 2930 2096 3028 eloquentiam.
2141 2936 2224 3002 In
2269 2933 2517 3028 priori-

498 3028 626 3097 bus
669 3028 1002 3123 capitibus
1056 3031 1363 3123 exposuit
1414 3056 1554 3124 quo
1602 3047 1799 3125 pacto
1848 3032 2027 3126 apud
2076 3031 2398 3125 majores,
2441 3028 2518 3098 li-

495 3125 722 3196 bertas
766 3142 980 3196 artem
1013 3126 1283 3197 dicendi
1320 3126 1601 3216 aluerit,
1642 3130 2061 3225 provexerit3
2085 3130 2225 3223 jam
2260 3129 2329 3196 in
2365 3130 2518 3199 uni-

497 3248 764 3294 versum
814 3224 1166 3295 contendit
1210 3251 1358 3295 eam
1405 3252 1545 3297 esse
1593 3228 1791 3322 hujus
1838 3228 1999 3298 artis
2047 3244 2395 3316 naturam,
2443 3242 2519 3297 ut

497 3321 567 3390 in
603 3322 775 3392 bene
798 3323 1182 3393 constitutis
1208 3325 1592 3396 civitatibus
1618 3351 1755 3396 non
1783 3312 2066 3413 oriatur,
2104 3340 2520 3422 quapropter

496 3419 566 3488 in
599 3419 868 3490 civitate
902 3446 1206 3510 romana,
1258 3422 1482 3494 donec
1524 3427 1801 3512 erravit,
1841 3449 1985 3494 eam
2036 3425 2365 3514 floruisse,
2403 3422 2517 3493 sed
2609 3437 2614 3442 “

494 3542 705 3611 quum
729 3517 872 3611 jam
907 3518 1273 3589 concordia
1311 3521 1590 3592 redierit
1634 3521 1801 3618 (quo
1842 3520 2519 3615 laetatu1·ille)‚frac·

494 3629 631 3685 tam
678 3640 817 3686 esse
867 3630 1172 3687 veterum
1228 3617 1502 3689 illorum
1555 3614 1792 3690 artem.
1860 3622 1978 3690 De
2018 3620 2256 3690 eodem
2315 3619 2522 3715 igitur

493 3729 892 3808 argumento
930 3714 1114 3810 quod
1159 3715 1424 3786 modo
1407 3743 1480 3787 ιιι
1517 3743 1577 3789 c.
1618 3743 1880 3807 xxxv1,
1916 3733 2047 3789 etc.
2083 3732 2512 3807 tractaverat,

567 3964 582 3992 ¹
622 3958 1036 4024 Bekkerus‚100.
1061 3963 1151 4016 cit.

558 4032 580 4062 ’
618 4030 681 4088 C.
708 4047 891 4097 xxxvi,
916 4050 1024 4102 seq.
