2900 4678
354 395 547 479 modi
588 395 922 468 medicina
958 399 1045 467 sit
1079 423 1229 494 quae
1264 402 1470 475 vitam
1503 401 1772 472 subesse
1821 403 2172 492 ostendat,
2232 431 2369 501 qua

353 510 578 564 autem
610 493 990 586 deficiente,
1033 523 1173 567 non
1208 496 1384 569 valet
1408 498 1537 570 ‘sed
1573 515 1853 596 aegrotat
1876 501 2016 594 jam
2051 500 2364 597 despera-

356 608 502 662 tum
559 618 805 689 corpus
856 595 1143 665 civitatis
1183 622 1200 665 ε
1239 599 1432 667 novit
1472 599 1769 686 TacituS‚
1829 600 1965 669 suis
2006 600 2372 695 aequalibus

355 715 497 760 non
551 706 688 761 tam
741 689 1130 788 eloquentes
1170 693 1354 765 viros
1403 720 1606 790 quam
1652 694 2107 791 eloquentiam
2156 699 2369 793 ipsam

355 787 621 878 deesse3
661 815 1098 886 quaecumque
1135 790 1541 889 eloquentiae
1577 795 1862 864 crimina
1898 795 2171 888 objicit,
2230 822 2370 867 non

353 902 493 956 tam
539 887 822 958 crimina
872 889 1242 962 arbitratur
1290 917 1492 986 quam
1541 893 1865 981 virtutes3
1924 918 2144 987 neque
2190 894 2371 964 illam

354 984 669 1055 infamari
706 986 812 1056 his
846 987 1071 1058 verbis
1103 1014 1120 1057 ε
1166 1016 1203 1057 «
1225 991 1607 1060 Contumax
1652 1006 1784 1080 est,
1819 992 1962 1061 sine
2005 992 2368 1084 obsequio,

354 1083 713 1153 temeraria
744 1110 1068 1181 arrogans
1087 1140 1106 1176 ‚
1149 1114 1186 1153 »
1228 1087 1344 1157 sed
1376 1085 1635 1158 laudari
1669 1104 1868 1184 atque
1910 1090 2367 1183 comprobari.

353 1182 627 1251 Etenim
647 1183 886 1278 saepius
912 1209 993 1253 eo
1018 1185 1333 1255 acriorvet
1359 1187 1665 1280 asperior
1683 1202 1807 1276 est,
1838 1187 2015 1282 apud
2036 1189 2370 1276 Tacitum,

355 1280 459 1350 vis
494 1279 980 1375 indignationis
1016 1298 1082 1351 et
1117 1281 1269 1372 irae,
1318 1309 1527 1378 quum
1576 1285 1701 1353 sub
1746 1286 1932 1378 gravi
1980 1284 2270 1379 quadam
2309 1302 2377 1354 et

356 1375 495 1447 leni
531 1379 752 1473 specie
779 1376 942 1449 latet
964 1383 1005 1449 ¹.
1040 1383 1277 1475 Itaque
1317 1407 1440 1452 nec
1465 1383 1616 1475 ⁸jam
1640 1381 1884 1453 foedius
1923 1407 2046 1452 nec
2083 1384 2379 1453 atrocius

356 1473 570 1546 ullum
606 1501 901 1547 romanae
942 1479 1280 1549 servitutis
1313 1478 1638 1550 indicium
1674 1480 1921 1551 habeas
1954 1506 2156 1575 quam
2194 1481 2378 1575 quod

294 1596 303 1607 ’
363 1603 400 1641 κ
433 1575 746 1644 omnibus
761 1629 781 1666 ,
810 1592 891 1657 ,ut
920 1577 1013 1646 ait
1028 1630 1047 1666 ‚
1087 1578 1163 1646 in
1198 1575 1597 1675 obsequium
1634 1581 1938 1677 regentis·
1955 1580 2245 1675 paratis
2260 1583 2304 1667 ²,
2338 1606 2373 1646 ι)

357 1698 770 1767 supervacua
823 1674 962 1767 jam
1025 1675 1112 1744 sit
1171 1675 1598 1770 eloquentia,
1655 1693 1724 1747 et
1776 1680 1994 1747 Roma
2056 1676 2375 1751 Macedo-

360 1770 564 1842 nibus
607 1787 723 1842 aut
767 1773 987 1842 Persis
1037 1773 1489 1844 conferatur³.

1260 2018 1334 2128 5
1388 2040 1457 2108 2.

1140 2270 1143 2271 γ
1202 2234 1514 2272 coNcLusm
1524 2258 1536 2273 .

464 2349 587 2417 His
626 2347 1103 2417 animadversis
1140 2363 1207 2417 et
1244 2348 1664 2436 constitutis,
1710 2347 1979 2430 videtur
2030 2350 2225 2418 nobis
2278 2350 2388 2419 ille
2460 2412 2471 2422 .

362 2444 631 2516 libellus
666 2446 854 2540 quasi
901 2460 1205 2521 ,veterum
1259 2461 1326 2515 et
1369 2446 1823 2536 recentiorum
1867 2443 2004 2515 litis
2040 2471 2229 2540 pars,
2274 2464 2391 2517 aut

365 2543 519 2613 aliis
543 2544 932 2614 nominibus
968 2559 1036 2626 et
1059 2545 1269 2639 magis
1298 2544 1625 2640 propriis,
1660 2545 1820 2613 artis
1854 2544 2150 2639 antiquae
2183 2560 2250 2615 et
2291 2572 2393 2616 re-

364 2642 690 2720 centioris
725 2641 1123 2736 explicati03
1164 2668 1313 2736 quae
1361 2641 1636 2737 quidem
1681 2642 1963 2736 quaestio
1991 2657 2096 2711 ter
2131 2659 2200 2713 et
2234 2668 2395 2736 qua·
2483 2641 2488 2645 ⁴

365 2755 475 2809 ter
492 2742 628 2832 jam
650 2741 827 2836 apud
849 2740 1159 2810 homines
1179 2765 1421 2836 magna
1444 2756 2004 2835 argumentorum
2029 2741 2224 2835 copia
2250 2742 2391 2835 agi·
2481 2777 2486 2778 ff

369 2852 514 2907 tata
536 2852 660 2926 est,
683 2854 751 2909 et
780 2838 862 2908 de
897 2864 1030 2933 qua
1063 2839 1247 2933 Aper
1279 2854 1347 2909 et
1379 2836 1663 2910 Messala
1697 2839 1943 2908 iterum
1979 2838 2386 2938 disceptant,

368 2951 439 3006 et
469 2951 778 3031 uterque,
820 2939 1040 3031 specie
1066 2991 1084 3026 ‚
1129 2938 1200 3008 in
1240 2936 1573 3007 diversam
1595 2988 1613 3025 ,
1650 2962 1723 3005 re
1755 2961 1943 3019 vero,
1978 2936 2048 3003 in
2088 2935 2391 3004 eamdem

372 3032 651 3104 inclinat
685 3036 1112 3105 sententiam.
1147 3038 1591 3105 Demonstrat
1620 3035 1804 3103 enim
1839 3036 2022 3127 Aper
2059 3033 2186 3101 arti
2220 3034 2396 3101 anti-

375 3157 523 3227 quae
577 3133 742 3228 quid
783 3134 954 3204 desit
969 3159 996 3222 ‚·
1029 3159 1232 3229 quam
1278 3132 1549 3202 irritum
1599 3132 1695 3201 sit·
1720 3133 1851 3199 hoc
1884 3129 2306 3224 antiquitatis
2330 3147 2397 3199 et

373 3233 812 3326 antiquorum
856 3256 1142 3321 nomen,
1180 3256 1383 3326 quam
1426 3231 1565 3300 sint
1596 3227 1880 3298 mobiles
1929 3228 2089 3296 artis
2130 3227 2392 3316 formae,

373 3355 577 3425 quam
622 3354 888 3401 necesse
921 3332 1007 3401 sit
1046 3329 1296 3402 variari
1329 3354 1441 3399 eas
1487 3353 1640 3398 cum
1682 3340 1859 3396 statu
1900 3326 2287 3406 animorum
2331 3342 2399 3395 et

373 3443 757 3522 temporum
805 3428 1140 3517 articulis;
1197 3452 1397 3522 quam
1450 3424 1721 3495 sordeat
1767 3424 2026 3519 prisca,
2066 3438 2398 3517 quantum

376 3527 764 3619 requiratur
805 3552 1005 3599 nova.
1056 3524 1342 3598 Messala
1381 3540 1611 3596 autem
1632 3576 1651 3607 ‚
1690 3524 1815 3592 etsi
1857 3521 2168 3591 videatur
2201 3518 2401 3615 longe

377 3621 573 3694 aliter
605 3625 887 3716 sentire,
925 3639 1153 3695 ta'men
1189 3622 1488 3694 ostendit
1523 3637 1817 3693 veterem
1855 3634 2069 3690 artem
2117 3619 2400 3688 omnino

450 3826 468 3857 ¹
511 3826 586 3879 Ut
622 3800 790 3880 unum
831 3846 893 3883 ex
936 3827 1332 3899 multisfilocum
1383 3825 1619 3888 citemus,
1666 3822 1777 3879 vid.
1814 3828 1956 3875 Anu.
2007 3822 2100 3876 lib.
2149 3821 2303 3885 XVI,
2351 3840 2403 3884 x,

375 3919 454 3965 x1,
483 3918 573 3951 xx.

540 4075 572 4094 a.
601 4060 690 4096 XL.
