2900 4678
1159 280 1672 382 -57-'

348 432 419 503 id
472 449 571 505 est
594 487 613 522 ,
673 434 1010 507 discordia
1060 433 1147 506 ali
1193 433 1648 530 eloquentiam
1675 486 1695 522 ,
1751 432 1977 503 dicere
2029 434 2250 529 pergit
2295 435 2365 505 in

346 555 408 602 c.
451 556 567 620 x1.,
602 532 730 602 nisi
760 533 942 628 quod
968 533 1083 604 hic
1118 532 1319 628 paulo
1350 531 1809 602 vehementius
1847 547 2060 602 artem
2098 531 2366 604 dicendi
2431 560 2436 567 ’

347 654 388 698 a
420 654 490 699 se
526 630 976 726 improbatam
1003 631 1427 726 adgreditur,
1465 631 1570 699 his
1606 628 1865 699 verbis:
1912 631 2094 699 «Est
2124 654 2368 726 magna

350 711 468 796 illa
512 743 580 798 et
624 729 943 800 notabilis
979 728 1365 825 eloquentia
1414 727 1688 799 alumna
1722 725 2099 799 licentiae...
2143 754 2366 799 comes

345 825 752 897 seditionum
779 879 799 915 ,
858 827 1172 898 effrenati
1231 824 1470 922 populi
1534 826 2072 914 incitamentum,
2119 841 2249 897 etc.
2322 854 2361 895 n

342 922 546 997 Unde
584 925 726 1017 jam
773 924 1001 1021 colligi
1037 940 1260 1021 potest
1294 923 1549 996 nullam
1582 925 1695 995 hic
1739 948 1878 994 esse
1913 921 2245 1014 lacunam,
2298 939 2366 995 et

344 1046 493 1114 quae
525 1022 597 1092 in
632 1047 780 1116 cap.
821 1049 1022 1094 xxxv1
1045 1076 1064 1114 ,
1115 1049 1347 1094 xxxvn
1374 1076 1393 1111 ,
1431 1046 1703 1094 xxxvm
1730 1074 1749 1110 ,
1789 1046 1991 1093 xxxlx
2021 1074 2041 1110 ,
2080 1046 2205 1111 xL,
2266 1022 2362 1092 le·

342 1134 624 1212 guntur,
661 1118 860 1215 plane
889 1122 1071 1192 inter
1091 1147 1161 1192 se
1188 1122 1555 1209 cohaerere,
1597 1119 1846 1190 nedum
1878 1119 2291 1214 discrepent.

439 1217 572 1286 Sed
621 1242 774 1288 ecce
833 1220 1015 1289 idem
1066 1222 1514 1290 Gutmannus·
1549 1217 1667 1313 qui
1717 1218 1856 1311 jam
1905 1242 2111 1312 supra
2166 1218 2364 1289 nobis

341 1313 573 1384 subtili
607 1340 727 1386 sua
773 1315 1166 1412 disputandi
1211 1317 1479 1386 ratione
1528 1340 1756 1386 moras
1801 1314 2057 1408 injecit,
2115 1315 2360 1386 iterum

340 1410 539 1489 nobis
572 1414 992 1503 refutanduS,
1040 1414 1202 1485 dum
1233 1413 1530 1485 affirmat
1560 1439 1701 1483 non
1735 1411 2140 1507 interrumpi
2183 1415 2363 1484 Mes-

337 1507 490 1579 salae
536 1513 961 1601 orationem3
1001 1538 1153 1582 eum
1195 1527 1464 1598 contra,
1514 1536 1656 1582 non
1687 1512 2102 1599 Maternum,
2150 1536 2363 1605 usque

339 1607 424 1701 ad
465 1606 736 1704 Dialogi
772 1609 979 1679 finem
1011 1610 1097 1681 de
1129 1609 1516 1705 eloquentia
1547 1609 1893 1705 disputare
1934 1635 1951 1676 ε
2001 1635 2038 1676 ι(
2074 1611 2141 1677 Is
2172 1607 2363 1704 (Ma-

341 1705 618 1803 ternus)
657 1708 1008 1797 nimirum,
1054 1709 1338 1803 inquit²,
1382 1707 1455 1776 in
1490 1708 1673 1776 hunc
1710 1706 1990 1776 modum
2024 1704 2354 1800 loquitur,

334 1826 401 1872 c.
430 1828 561 1887 xn:
591 1832 628 1871 «
648 1806 898 1900 Magna
916 1806 1046 1877 ista
1064 1822 1129 1876 et
1151 1803 1477 1876 notabilis
1492 1804 1906 1900 eloquentia,
1932 1812 2136 1899 q'uam
2157 1802 2359 1875 stulte

337 1897 722 1972 libertatem
743 1919 1014 1991 vocant,
1057 1929 1282 1984 comes
1312 1902 1751 1988 seditionum,
1775 1901 2086 1971 effrenati
2123 1900 2358 1996 populi

336 1998 876 2091 incitamentum,
898 2017 1027 2073 etc.
1051 1999 1484 2091 »Quomodo
1504 2001 1614 2070 hic
1634 2024 1853 2069 sermo
1873 2000 2192 2069 convenit
2210 2001 2359 2069 Ma-

334 2110 531 2167 terno
579 2099 695 2192 qui
753 2099 1101 2170 ferebatur
1153 2099 1618 2196 potentiorum
1676 2123 1869 2179 aures
1925 2094 2201 2168 liberius
2252 2096 2356 2167 lo-

334 2194 608 2288 quendo
634 2196 1042 2289 offendisse,
1093 2198 1211 2293 qui
1253 2213 1478 2267 tamen
1521 2196 1948 2266 securitatem
1983 2219 2168 2265 suam
2217 2220 2356 2265 non

248 2306 253 2311 ⁴
333 2314 580 2364 curans
614 2293 979 2389 respondet
1011 2322 1027 2364 ε
1075 2326 1111 2364 ε(
1138 2299 1345 2389 Leges
1379 2309 1454 2364 tu
1489 2293 1652 2389 quid
1690 2297 2040 2363 Maternus
2072 2292 2199 2363 sibi
2239 2291 2357 2363 de-

334 2389 559 2461 buerit
591 2408 661 2462 et
697 2417 1014 2487 agnosces
1061 2392 1501 2487 quaefaudisti
1541 2417 1559 2461 ε
1603 2390 1786 2486 quod
1839 2391 1892 2460 si
1948 2415 2082 2485 qua
2131 2391 2358 2472 omisit

331 2488 530 2578 Cato,
550 2491 857 2585 sequenti
874 2492 1271 2562 recitatione
1284 2490 1608 2585 Thyestes
1624 2489 1855 2559 dicet’.
1881 2488 2065 2558 »Sed
2082 2503 2357 2583 praeter-

327 2610 534 2679 quam
579 2588 763 2683 quod
790 2589 930 2683 Jam
976 2589 1108 2659 hoc
1140 2614 1280 2659 uno
1315 2590 1527 2658 verbo
1574 2587 2012 2658 disserentem
2048 2589 2354 2657 nostrum

328 2682 674 2755 hominem
710 2688 944 2764 sistere
968 2710 1294 2781 queamus
1324 2713 1340 2755 τ
1367 2688 1697 2756 Finierat
1725 2690 2098 2756 Maternus
2116 2687 2138 2721 ⁸
2160 2738 2181 2771 ,
2212 2686 2353 2778 jam

328 2805 545 2874 pauca
561 2782 971 2878 adjiciemus,
989 2785 1234 2880 quibus
1251 2807 1528 2881 prorsus
1543 2783 1831 2854 solvitur
1850 2785 2155 2878 quaestio.
2175 2785 2356 2853 Con-

327 2877 625 2949 feramus
662 2881 1170 2979 igituraliquos
1193 2881 1376 2953 locos
1404 2906 1440 2951 e
1477 2881 1692 2976 priori
1715 2882 2010 2951 Materni
2046 2881 2355 2970 oratione

326 2975 719 3072 desumptos
748 3005 901 3050 cum
926 2981 1320 3075 posterioris
1342 2980 1434 3076 (c.
1461 3004 1709 3068 xxxvl,
1735 3002 2011 3065 xxxvn,
2041 2978 2352 3073 xxxvln)

326 3073 730 3167 quibusdam
751 3074 914 3148 locis
932 3105 951 3167 ;
970 3080 1107 3172 jam
1134 3078 1418 3173 liquebit
1436 3103 1545 3147 eas
1568 3077 1789 3172 specie
1814 3076 2023 3171 magis
2046 3100 2250 3170 quam
2279 3100 2353 3146 re

327 3170 472 3264 ipsa
518 3172 699 3244 inter
742 3199 813 3245 se
858 3175 1163 3247 differre.
1219 3178 1328 3247 Sic
1372 3176 1556 3245 enim
1605 3176 1998 3262 MaternuS,
2053 3198 2118 3243 c.
2179 3197 2285 3242 x11
2326 3200 2344 3244 ε

330 3294 367 3333 α
394 3270 567 3340 Nam
600 3269 879 3343 lucrosae
912 3275 1112 3367 hujus
1145 3289 1215 3344 et
1249 3271 1711 3370 sanguinantis
1745 3269 2146 3365 eloquentiae
2167 3349 2170 3354 .
2192 3294 2351 3341 usus

324 3391 558 3438 recens
589 3385 659 3439 et
698 3395 779 3439 ex
819 3370 1010 3442 malis
1050 3373 1354 3443 moribus
1397 3385 1594 3441 natus
1633 3383 1958 3464 atque....
2005 3369 2076 3438 in
2126 3367 2349 3438 locum
2401 3427 2404 3430 .

320 3463 437 3533 teli
481 3483 812 3561 repertus.
857 3496 895 3535 »
946 3473 1203 3540 Rursus
1241 3469 1333 3565 (c.
1372 3468 1543 3564 xm)
1585 3494 1601 3539 ε
1661 3496 1697 3534 «
1737 3469 1837 3537 Ac
1881 3491 1965 3536 ne
2007 3467 2349 3538 fortunam

319 3561 597 3654 quidem
630 3581 858 3650 vatum
894 3583 962 3637 et
1002 3567 1169 3638 illud
1204 3567 1362 3638 felix
1394 3566 1919 3639 contubernium
1956 3588 2351 3660 comparare

321 3659 665 3731 timuerim
703 3689 859 3734 cum
911 3666 1212 3761 inquieta
1247 3682 1316 3736 et
1357 3666 1550 3735 anxia
1585 3679 1934 3734 oratorum
1967 3664 2145 3752 vita;
2192 3661 2350 3732 licet
2411 3678 2423 3689 “

315 3753 471 3826 illos
518 3762 886 3833 certamina
923 3779 988 3833 et
1031 3763 1332 3858 pericula
1377 3789 1496 3835 sua
1538 3762 1624 3833 ad
1674 3758 2062 3838 consulatus
2110 3784 2347 3831 evexe-

327 3966 341 3976 -
387 3932 406 3963 ¹
444 3933 510 3985 In
531 3931 663 3988 edit.
687 3936 852 3991 Orell.
879 3938 983 3992 loc.
1007 3939 1150 3994 citat.

441 4006 578 4059 nial.
604 4026 654 4063 c.
673 4025 757 4064 111.

387 4074 409 4105 ⁸
435 4077 573 4131 Dial.
598 4097 649 4133 c.
676 4096 809 4132 un,
