2900 4678
1351 316 1741 389 ...54-

536 444 828 519 scribam
877 443 1168 538 spatium
1216 442 1615 537 excipiendo
1662 441 2024 538 posteriori
2076 440 2343 539 Dialogi
2368 437 2564 541 'frag-

539 558 773 616 mento
819 543 1137 616 idoneum
1185 541 1357 615 satis·
1379 556 1561 612 recta
1593 538 1948 613 oculorum
1971 541 2364 635 conjectura
2395 569 2568 638 prae-

535 655 860 713 metatum
897 665 1037 711 esse
1068 653 1334 712 constat
1354 643 1396 711 ².
1442 665 1480 709 υ

635 740 1068 833 Inquiramus
1113 763 1297 809 nunc
1333 739 1549 810 varias
1587 738 1932 809 variorum
1972 736 2364 808 criticorum
2405 741 2564 835 opi-

539 837 780 911 niones
813 836 898 907 de
931 837 1074 933 ipsa
1107 835 1361 909 lacuum
1394 838 1680 911 materia
1711 852 1779 907 et
1807 836 1998 929 cujus
2025 835 2561 930 interlocutoris,

536 933 641 1005 vel
682 935 906 1031 potius
935 960 1226 1030 quorum
1261 933 1855 1022 interlocutorum,
1883 933 2080 1003 nobis
2113 935 2317 1005 verba
2340 936 2570 1008 abstu-

538 1031 720 1123 lerit,
757 1034 813 1107 si
849 1033 997 1109 fieri
1032 1034 1271 1128 possit,
1310 1033 1767 1128 expediamus.

634 1130 951 1227 Plerique
1001 1131 1372 1226 opinantur
1393 1134 1415 1173 ¹⁸
1461 1131 1689 1203 deesse
1738 1130 1945 1201 finem
1999 1129 2327 1200 orationis
2374 1134 2566 1203 Mes-

532 1227 714 1319 salae,
747 1245 962 1307 totam
1000 1229 1330 1319 Secundi,
1366 1229 1774 1325 initiumque
1803 1228 2125 1302 Materni.
2173 1229 2567 1302 Secundum

537 1327 722 1400 enim
755 1350 896 1399 non
929 1326 1102 1398 nihil
1135 1353 1277 1420 esse
1311 1327 1612 1403 locutum
1648 1328 1799 1423 quis
1827 1326 2144 1415 dubitare
2177 1325 2317 1420 jam
2348 1330 2570 1424 possit

538 1450 753 1520 quum
801 1426 874 1495 in
905 1423 1196 1521 Dialogo
1231 1423 1530 1521 legatur-³
1560 1451 1579 1497 x
1605 1453 1644 1497 cc
1681 1429 1786 1499 Ita
1792 1477 1939 1497 .....
1979 1425 2309 1495 memoria
2343 1450 2422 1496 ac
2448 1452 2568 1497 re·-

539 1522 937 1595 cordatione
979 1549 1151 1619 opus
1201 1539 1330 1613 est,
1380 1539 1459 1596 ut
1502 1549 1652 1619 quae
1692 1549 1734 1595 a
1782 1523 2347 1618 praestantissimis
2390 1525 2560 1599 viris

537 1636 608 1693 et
639 1623 1012 1718 excogitata
1044 1620 1386 1694 subtiliter
1414 1637 1484 1693 et
1510 1622 1692 1695 dicta
1723 1621 2020 1717 graviter
2049 1622 2305 1716 accepi,
2342 1646 2558 1717 quum
2640 1693 2646 1699 ,

537 1718 811 1817 singuli
853 1721 1151 1794 diversas
1202 1718 1307 1791 vel
1359 1719 1627 1792 easdem
1648 1772 1670 1808 ,
1720 1720 1836 1795 sed
1884 1717 2270 1814 probabiles
2327 1742 2562 1793 causas

542 1816 894 1908 afferrent,
919 1818 1084 1888 dum
1107 1813 1396 1889 formam
1419 1820 1523 1890 sui
1560 1821 1852 1917 quisque
1874 1834 1943 1888 et
1973 1818 2181 1888 animi
2208 1831 2278 1887 et
2305 1818 2566 1914 ingenii

539 1915 879 1989 redderet.
925 1944 962 1985 »
999 1918 1186 2006 Quid
1220 1918 1403 1988 enim
1427 1918 1558 1988 sibi
1580 1916 1765 1988 aliud
1798 1914 2128 1989 vocabula
2158 1913 2271 1985 illa
2298 1917 2573 2015 singuli

536 2028 606 2085 et
652 2016 943 2112 quisque
981 2015 1477 2111 significarent,
1517 2016 1647 2086 nisi
1681 2031 1817 2086 tres
1850 2015 2053 2086 fuisse
2102 2013 2220 2109 qui
2258 2029 2557 2087 veterem

538 2109 1000 2207 eloquentiam
1018 2130 1261 2185 contra
1275 2117 1536 2209 Aprum
1557 2113 1999 2195 defenderent
2012 2111 2044 2180 P
2055 2114 2291 2206 Neque
2300 2115 2566 2208 Aprum

537 2207 644 2280 his
675 2210 1018 2282 vocabulis
1046 2211 1314 2309 singuli
1331 2227 1399 2282 et
1430 2214 1722 2309 quisque
1755 2211 2089 2306 designari
2124 2235 2319 2304 posse
2343 2213 2562 2281 mani-

536 2307 782 2380 festum
803 2325 927 2399 est,
958 2310 1350 2406 quippe-qui
1370 2311 1552 2383 solus
1572 2310 2311 2382 recentiorumfcausam
2329 2308 2567 2383 adver-

540 2432 651 2477 sus
667 2424 924 2479 ceteros
943 2406 1462 2480 interlocutores
1481 2411 1839 2480 tueretur⁴.
1863 2412 1901 2477 J
1902 2434 2010 2478 am
2029 2434 2045 2478 ε
2071 2410 2253 2476 «Pro
2267 2407 2563 2498 duobus,

541 2505 767 2600 inquit
792 2508 1172 2595 Maternus,
1211 2507 1507 2583 Secundi
1543 2507 1749 2579 verba
1780 2507 2141 2603 excipienS,
2181 2506 2557 2601 promitto:

542 2628 701 2675 nam
736 2618 805 2673 et
840 2629 966 2699 ego
1009 2620 1076 2675 et
1112 2605 1464 2677 Secundus
1504 2630 1944 2700 exsequemur
1989 2619 2212 2699 partes
2245 2628 2410 2699 quas
2455 2605 2563 2685 in-

539 2699 990 2776 tellexerimus
1043 2719 1111 2773 te
1157 2729 1300 2774 non
1344 2708 1482 2775 tam
1535 2704 1835 2776 omisisse
1893 2728 2096 2798 quam
2159 2702 2357 2772 nobis
2400 2700 2563 2771 reli·

538 2798 759 2894 quisse
772 2802 817 2871 ⁸.
847 2828 885 2872 υ
908 2800 1093 2890 Quid
1115 2802 1244 2871 sibi
1262 2801 1514 2872 vellent
1531 2803 1656 2872 ista
1675 2803 1907 2891 verba,
1935 2801 2063 2870 nisi
2087 2800 2434 2870 Secundus
2454 2823 2567 2870 ve-

536 2913 757 2979 terum
774 2896 955 2972 laudi
971 2899 1411 2970 defendendae
1428 2901 1922 2971 intervenisset.
1937 2900 2108 2988 Quae
2123 2914 2347 2968 autem
2359 2897 2567 2969 fuerit

535 2997 827 3066 Secundi
873 2999 1093 3069 oratio
1128 2997 1284 3069 licet
1319 3000 1708 3093 conjectura
1736 2998 2070 3093 judicare.
2108 2996 2293 3086 Quid
2316 2995 2567 3073 ,enimP

533 3094 770 3167 fierine
816 3098 1042 3189 potuit
1091 3122 1248 3168 eum
1280 3096 1492 3169 fusius
1525 3113 1841 3170 tractasse
1867 3095 2192 3192 quasdam
2211 3120 2253 3165 a
2278 3093 2564 3170 Messala

605 3382 619 3411 ¹
659 3381 965 3454 Allgemeine
984 3383 1528 3455 schulzeieung,1836,
1552 3393 1614 3438 11⁹
1636 3385 1729 3451 43,
1747 3402 1804 3454 p.
1831 3383 1958 3440 337.
1983 3384 2063 3438 De
2089 3381 2277 3437 eadem
2297 3399 2358 3438 re
2376 3379 2568 3453 gallico

528 3470 771 3558 seor-mone
795 3452 938 3507 idem
956 3453 1197 3509 disseruit
1225 3475 1239 3511 z
1267 3455 2097 3528 Joumalge'ndmldel'instmction
2114 3454 2365 3532 publique,
2397 3454 2557 3519 1835,
2623 3539 2627 3542 v

486 3548 505 3564 .
529 3546 566 3579 n
597 3527 883 3722 {gi-023,
909 3598 1016 3651 loc.
1043 3596 1188 3652 laud.
1203 3573 1653 3653 -Doederlinius
1671 3638 1687 3666 ,
1705 3599 1762 3653 in
1783 3596 2017 3654 editione
2038 3598 2250 3669 Dialogi
2271 3595 2563 3663 Orelliana,

524 3687 581 3739 p.
703 3681 755 3721 et
855 3707 869 3720 .

604 3739 626 3770 z
721 3742 732 3754 ·
1436 3755 1446 3762 .
2024 3767 2028 3770 ¹

603 3810 628 3841 ⁴
664 3740 1056 3883 «Dgtl‘igsecssper
1061 3812 1183 3869 satis
1194 3812 1497 3869 manifestus
1508 3821 1583 3869 est
1594 3810 1712 3884 (suo
1719 3808 2053 3894 secundique
2059 3810 2278 3868 nomine
2286 3782 2573 3864 Messalam

528 3883 798 3965 alloquens
824 3884 896 3939 ait
918 3885 1207 3956 Maternus)
1236 3882 1555 3957 jamdudum
1589 3884 1646 3940 in
1677 3896 2005 3938 contrarium
2036 3883 2264 3954 accingi,
2288 3900 2389 3936 neo
2422 3898 2573 3950 aqua
2665 3927 2670 3932 .

529 3971 705 4078 anima
766 3955 999 4078 zei-ferre
1052 3956 1193 4011 hanc
1251 3970 1486 4013 nostram
1551 3974 1655 4028 pro
1710 3955 2050 4025 antiquorum
2102 3954 2260 4009 laude
2325 3970 2563 4007 coneor-

571 4042 697 4078 mm.
731 4041 756 4074 »
829 4063 842 4078 .
865 4045 976 4081 xvi.

485 4143 493 4151 .
601 4097 624 4126 ⁸
660 4095 727 4152 C.
750 4113 861 4152 xvx.
896 4150 907 4157 ,
