2900 4678
1361 265 1752 333 ...32—

552 415 707 459 nem
765 388 1164 481 disjunctam
1229 401 1292 454 et
1337 384 1625 456 solutam
1679 385 2153 482 hi¹antemque
2202 332 2570 480 reprehen-
2657 392 2664 399 ’

552 488 692 575 dit3
741 488 872 555 hoc
919 501 1169 555 veteres
1207 485 1446 578 saepius
1494 498 1879 578 peccarunt.
1930 484 2182 577 Saepius
2240 484 2310 551 in
2365 483 2568 552 Tullii

551 585 972 653 orationibus
1038 580 1207 650 male
1261 583 1675 651 cohaerentes
1730 585 1907 650 inter
1954 606 2025 650 se
2088 596 2310 676 partes
2355 607 2568 676 agno-

552 707 734 771 scas3
781 681 1020 774 saepius
1069 680 1138 747 in
1165 680 1300 747 Titi
1344 681 1518 748 Livii
1578 679 2075 748 narrationibus
2111 679 2288 747 idem
2330 680 2573 749 vitium

553 777 1110 875 deprehenditur.
1171 777 1376 865 Quod
1446 777 1720 872 quidem
1806 792 2136 846 nostrates
2215 793 2572 847 novatores

549 901 974 971 nequaquam
1032 874 1544 968 septimidecimi
1601 874 1822 944 saeculi
1889 875 2332 970 scriptoribus
2393 876 2574 986 obje-

551 1000 747 1044 cere·
731 1027 750 1063 ,
810 988 954 1043 erat
1007 973 1187 1043 enim
1233 971 1432 1063 hujus
1492 973 1703 1042 aetatis
1754 971 2024 1041 dicendi
2075 998 2282 1067 genus
2327 977 2573 1043 arctius

550 1074 777 1166 potius
843 1095 1047 1167 quarn
1097 1060 1305 1139 laxius
1333 1122 1351 1158 ,
1414 1084 1482 1137 et
1536 1095 1802 1165 semper
1868 1070 2069 1138 certis
2141 1070 2387 1167 regulis
2446 1071 2569 1139 ob-

555 1170 855 1240 noxium.

650 1271 828 1338 Nota
869 1282 970 1335 est
1014 1264 1243 1360 regula
1293 1268 1544 1350 trium,
1599 1281 1676 1334 ut
1706 1267 1934 1353 aiunt,
1975 1269 2324 1335 unitatum
2345 1295 2372 1350 ,·
2412 1282 2575 1337 tunc

555 1366 734 1436 enim
767 1363 1009 1433 fabulae
1045 1378 1111 1431 et
1144 1363 1447 1432 dramata
1481 1363 1681 1432 nimis
1732 1379 1944 1433 artem
1983 1363 2314 1453 redolent3
2363 1390 2573 1434 nova-

558 1479 736 1532 tores
760 1475 984 1530 autem
1013 1462 1239 1555 potius
1275 1461 1551 1555 ingenio
1579 1461 1875 1530 habenas
1913 1463 2316 1555 permittunt
2342 1478 2408 1531 et
2430 1463 2578 1531 vin-

555 1559 862 1630 culorum
898 1574 1107 1647 metu,
1145 1558 1412 1627 frenum
1460 1583 1630 1653 saepe
1664 1558 2176 1629 saluberrimum
2211 1559 2573 1653 abjiciunt3

525 1656 789 1755 ‘longas
822 1672 1054 1743 ersant
1090 1682 1213 1751 per
1263 1657 1609 1749 ambages,
1656 1656 2131 1752 digrediuntur
2164 1658 2246 1726 ab
2292 1658 2432 1752 ipsa
2471 1682 2572 1745 re,

559 1757 651 1825 ita
702 1771 777 1824 ut
827 1755 1245 1825 contrarium
1305 1755 1587 1823 omnino
1639 1755 1727 1824 sit
1774 1756 2064 1842 vitium3
2115 1756 2328 1824 Taciti
2388 1770 2578 1824 aetate

559 1868 912 1923 novatores
968 1853 1216 1922 arctius
1271 1878 1415 1921 rem
1473 1852 2145 1947 comprehendebant
2169 1905 2187 1941 ,
2249 1852 2602 1946 imprimis*

558 1952 920 2021 verborum
956 1966 1022 2019 et
1071 1975 1296 2019 rerum
1350 1952 1848 2043 compressione
1914 1951 2194 2040 breves3
2256 1950 2419 2043 quid
2472 1951 2581 2043 ip-

559 2051 692 2118 sius
730 2049 944 2117 nostri
979 2048 1296 2142 operibus
1335 2048 1719 2121 adstrictius
1756 2074 1834 2117 ac
1879 2049 2171 2117 severius
2204 2063 2426 2142 potest
2464 2073 2579 2116 ex-

559 2145 892 2241 cogitari?
1328 2204 1343 2214 .

655 2248 691 2312 J
697 2270 802 2313 am
833 2244 1000 2338 Apri
1035 2245 1689 2339 argumentationem
1723 2242 2103 2313 enucleasse
2138 2243 2576 2331 arbitramur,

561 2358 627 2412 et
699 2343 862 2437 quid
929 2343 1246 2437 quodque
1304 2341 1520 2412 valeat
1580 2355 2049 2437 argumentum
2120 2342 2520 2436 significasse
2537 2347 2577 2430 '3

564 2466 773 2509 unum
808 2440 1117 2510 volumus
1158 2440 1355 2508 nobis
1392 2466 1819 2528 concessum,
1868 2440 2191 2508 fervidam
2231 2439 2410 2508 illam
2454 2439 2588 2507 dis-

568 2538 852 2632 putandi
906 2538 1283 2625 rationem,
1320 2538 1626 2606 Tacitum
1672 2536 2054 2626 declarare,
2095 2537 2232 2605 imo
2277 2537 2588 2607 Tacitum

568 2661 706 2705 esse
759 2636 877 2730 qui
928 2635 1092 2729 Apri
1144 2631 1420 2703 nomine
1480 2634 1819 2730 loquatur.
1871 2637 2235 2728 Postquam
2283 2633 2585 2704 Messalae

568 2757 964 2827 responsum
1023 2731 1475 2821 audierimUS,
1528 2734 1955 2845 expediemus
2015 2731 2357 2827 quomodo
2413 2733 2584 2826 Apri

569 2846 792 2925 partes
833 2831 966 2899 sint
1011 2828 1494 2924 intelligendae,
1546 2847 1613 2901 et
1657 2832 1771 2926 qui
1822 2831 1971 2899 fieri
2012 2831 2223 2924 possit
2264 2845 2340 2899 ut
2382 2854 2589 2923 quem

569 2930 740 3025 Apri
774 2953 1132 3022 personam
1166 2928 1560 2998 induentem
1603 2928 2044 3017 ostendimus,
2083 2927 2261 2996 idem
2288 2925 2587 2996 Messalae

570 3051 710 3095 non
750 3042 1122 3122 repugnet3
1184 3026 1347 3120 quid
1388 3026 1550 3096 hinc
1585 3026 2055 3098 deducendum
2088 3025 2209 3114 sit,
2250 3040 2401 3095 utra
2431 3049 2590 3118 pars

571 3125 850 3219 propius
892 3126 975 3196 ad
1010 3148 1245 3194 verum
1279 3125 1575 3195 accedat.

647 3330 664 3359 ¹
703 3330 764 3383 C.
797 3349 907 3383 xxx.
