2900 4678
1367 301 1755 372 ...43-

552 431 767 498 tiones
787 428 1032 497 habitae
1048 439 1204 495 sunt
1223 424 1500 519 quibus
1484 449 1632 492 mer
1636 439 1702 491 at
1718 448 1837 491 sua
1858 419 1998 490 laus
2016 436 2081 488 et
2096 423 2338 492 virtus·
2322 473 2339 508 ‚
2361 445 2577 515 quan-

553 528 675 597 diu
689 527 891 595 etiam
913 538 1282 593 conventus
1307 548 1386 591 ac
1413 523 1773 590 conciones
1793 520 2170 613 legatorum
2185 520 2403 588 omnis
2420 518 2582 588 Gal-

555 624 656 694 liae
690 624 981 691 Parisios
1007 636 1512 708 couvener,unt
1542 618 1816 714 gallicus
1836 617 2056 685 adhuc
2084 617 2271 686 rudis
2299 632 2366 685 et
2400 617 2578 686 male

553 722 878 793 formatus
900 744 1148 807 sermo,
1174 721 1244 788 in
1267 717 1552 813 publicae
1572 716 1971 810 eloquentiae
1991 714 2342 784 modulum
2361 715 2578 784 infor-

554 835 772 889 matus
808 833 945 907 est3
994 834 1063 886 at
1104 815 1373 912 fulgura
1410 815 1525 885 illa
1567 815 1792 884 omnia
1838 812 1935 883 sol
1978 811 2306 882 ludovici
2339 814 2578 906 Magni

553 917 887 986 exstinxit.
937 918 1218 1001 Contra,
1262 915 1428 983 ubi
1414 940 1485 982 in
1520 912 1816 982 secunda
1839 912 2055 980 octavi
2085 911 2328 980 decimi
2350 910 2577 981 saeculi

510 1057 520 1063 -
555 1030 772 1108 parte,
816 1012 1037 1083 civilia
1069 1012 1295 1082 studia
1320 1011 1784 1091 efferbuerunt
1814 1025 1881 1087 et
1910 1025 2306 1103 praesentem
2338 1024 2581 1101 poten-

556 1113 717 1181 tiam
736 1111 964 1180 minor
982 1126 1335 1205 prosecuta
1356 1125 1459 1178 est
1485 1108 1886 1194 reverentia,
1903 1106 2239 1199 judicialis
2263 1131 2583 1201 experge-

555 1209 751 1281 facta
760 1224 863 1278 est-
893 1208 1283 1302 eloquentia
1303 1224 1383 1276 et
1418 1206 1939 1285 Commentariis
1966 1205 2103 1273 suis
2138 1205 2580 1275 facetissimus

556 1309 847 1401 scriptor
860 1308 1059 1383 etiam
1073 1305 1456 1385 Voltarium
1473 1305 1668 1383 laude
1684 1303 2233 1383 florentissimum
2248 1303 2575 1391 turbavit,

558 1406 775 1473 donec
808 1405 1086 1477 finiente
1116 1401 1397 1490 saeculo,
1434 1401 1664 1481 civiles
1696 1402 1935 1488 turbae,
1975 1399 2247 1468 libertas
2289 1416 2356 1468 et
2389 1416 2582 1470 vetus

557 1502 945 1596 eloquentia
972 1499 1168 1579 simul
1194 1526 1270 1569 el
1272 1515 1602 1594 uperuntf
1575 1551 1616 1586 ,
1627 1516 1992 1593 utramque
2013 1524 2300 1592 praesens
2324 1513 2478 1567 aetas
2512 1515 2584 1567 et

560 1601 807 1669 retinet
841 1616 911 1669 et
941 1599 1209 1668 videtur
1244 1610 1382 1667 esse
1412 1598 1783 1668 retentura.

576 1774 585 1789 ἲ
658 1697 859 1791 Apud
887 1701 1230 1777 Romanos
1263 1696 1677 1779 auditorium
1713 1695 1910 1775 simul
1929 1711 2002 1775 et,
2018 1695 2342 1790 loquendi
2372 1694 2579 1764 liber-

562 1811 659 1865 tas
703 1796 961 1865 oratori
1004 1796 1072 1863 in
1109 1793 1562 1877 tribunalibus
1606 1795 1906 1883 defuere,
1947 1820 2032 1863 ex
2073 1821 2209 1889 quo
2254 1795 2585 1864 concessit

564 1919 600 1971 a
634 1892 904 1986 populo
944 1893 1025 1965 ad
1077 1895 1275 1969 unius
1307 1893 1672 1975 arbitrium
1702 1891 2100 1989 respublica.
2139 1896 2369 1961 Unum
2404 1894 2583 1963 iuter

563 1991 893 2071 multam
921 2006 1157 2086 nostro
1186 1990 1524 2085 Dialogo
1533 1991 1822 2071 verbum
1863 1989 2168 2059 offendas
2204 1991 2402 2087 quod
2435 1994 2613 2058 om-‘

563 2090 673 2157 nia
708 2073 1202 2183 complectitur,
1232 2112 1530 2182 nempe,
1543 2090 1714 2157 sicut
1740 2105 1963 2165 cetera
1997 2089 2225 2159 omnia
2258 2082 2580 2181 eloquen-

566 2187 726 2265 tiam
766 2212 904 2256 esse
927 2190 1347 2281 pacatam¹.
2029 2216 2056 2225 ··
2529 2242 2532 2247 .

623 2286 779 2374 At,
821 2286 1103 2379 opinor,
1143 2283 1261 2358 illa
1292 2309 1441 2379 quae
1475 2283 1675 2379 paulo
1715 2284 1891 2356 infra
1919 2232 2404 2379 subjiciuntur,
2440 2310 2582 2354 non
2626 2337 2636 2348 .

564 2361 822 2462 sincera
876 2385 1156 2452 omnino
1214 2400 1408 2470 sunt,
1442 2405 1581 2478 nee
1634 2399 1880 2453 totam
1895 2385 2115 2458 Taciti
2180 2383 2580 2453 sententiam

474 2560 483 2566 ,
567 2480 917 2550 reddunt:
979 2509 1013 2547 «
1053 2483 1397 2568 Quoniam
1432 2506 1632 2549 nemo
1681 2482 1917 2552 eodem
1967 2500 2274 2592 tempore
2319 2482 2579 2573 assequi

565 2593 789 2671 potest
839 2603 1148 2690 magnam
1204 2579 1447 2656 famam
1512 2594 1578 2647 et
1633 2603 1946 2673 magnam
2006 2581 2338 2673 quietem,
2396 2579 2581 2647 bono

569 2675 786 2744 saeculi
820 2677 961 2754 sui
1013 2677 1381 2770 quisque„
1401 2679 1747 2745 .u·tatur².
1814 2701 1849 2745 ιι
1914 2680 2356 2790 Nequaquam
2403 2677 2585 2744 enim

568 2774 997 2851 crediderim
1037 2775 1353 2850 Tacitum
1408 2790 1545 2873 tam
1611 2774 1806 2843 facile
1860 2776 2070 2868 quieti
2128 2759 2584 2869 eloquentiam

567 2872 1077 2965 posthabuisse3
1124 2899 1320 2958 verus
1362 2867 1590 2977 autem
1631 2874 1894 2946 horum
1928 2874 2304 2950 verborum
2356 2897 2586 2942 sensus

567 2985 741 3059 etat,
778 2968 1210 3064 eloquentia
1180 2997 1325 3064 jam
1360 2967 1497 3039 non
1521 2996 1717 3063 egeie
1748 2972 1862 3064 qui
1885 2974 2240 3060 servirent,
2273 2996 2395 3038 nec
2419 2970 2588 3042 adeo

571 3065 972 3162 eloquentia&
1012 3070 1340 3161 jacturam
1398 3068 1758 3137 dolendam
1813 3094 1986 3158 esse,
2025 3095 2252 3162 quum
2298 3066 2588 3138 dolenda

568 3180 738 3244 esset
786 3165 1163 3268 libertatis}u
1204 3189 1433 3260 neque
1489 3165 1670 3238 illam
1719 3168 1910 3260 prius
1967 3168 2335 3242 ledituram
2382 3188 2586 3258 quam

567 3263 709 3343 haec
736 3264 998 3342 iterum
1035 3221 1433 3359 erigeretur.
1448 3267 1775 3340 Ironiam
1821 3264 2080 3338 redolet
2114 3264 2228 3334 illa
2262 3262 2586 3356 eloquen-

562 3360 679 3436 tiae
713 3386 881 3430 cum
901 3363 1242 3436 medicina
1287 3362 1605 3440 collati0³
1611 3416 1629 3452 ,
1681 3388 1888 3457 quum
1925 3362 2312 3456 eloquentia
2352 3361 2589 3453 huju&

642 3568 659 3599 ¹
699 3569 760 3624 C.
786 3586 1006 3634 xxxan.

643 3641 665 3670 ²
701 3640 1032 3706 C.x1.1,sub
1061 3637 1470 3704 sinesii.1

668 3771 671 3776 ,
704 3734 727 3766 α
745 3682 921 3779 Quod
924 3711 966 3763 si
981 3710 1304 3765 inveniretur
1319 3689 1498 3783 aliqua
1513 3710 1691 3764 civitas
1708 3712 1762 3765 in
1774 3731 1876 3783 qua
1896 3731 2053 3776 nemo
2070 3724 2329 3784 peccaret,
2354 3731 2594 3783 superva-

570 3803 698 3836 cuus
714 3797 841 3836 esset
858 3784 994 3835 inter
1008 3782 1314 3835 innocentes
1336 3796 1535 3849 orator,
1560 3785 1692 3835 sicut
1712 3784 1847 3836 inter
1864 3804 2014 3837 sanos
2033 3779 2284 3836 medicus.
2304 3775 2592 3850 Quomodo

570 3855 708 3906 enim
736 3855 1010 3906 minimum
1037 3873 1157 3906 usus
1187 3855 1570 3924 minimumque
1586 3857 1853 3925 profectus
1876 3875 1958 3907 ars
1981 3854 2244 3922 medentis
2260 3856 2452 3908 habet
2438 3875 2495 3907 ln
2512 3855 2593 3908 his

570 3926 810 3997 gentibus
825 3945 938 3995 quae
958 3926 1565 3986 firmissimavaletudine
1580 3945 1640 3980 ac
1652 3927 2005 3980 saluberrimis
2021 3919 2338 3999 corporibus
2349 3939 2593 3992 utuntur;

570 3999 643 4050 sic
682 3998 857 4048 minor
888 4011 1158 4050 oratorum
1182 3998 1560 4066 obscuriorque
1579 3993 1749 4067 gloria
1772 4011 1848 4050 est
1883 3999 2020 4066 inter
2043 4001 2215 4052 bonos
2247 4017 2420 4052 mores
2453 4010 2506 4050 et
2539 4000 2594 4050 in

571 4067 878 4137 obsequium
901 4069 1373 4139 regentisparatos.
1405 4089 1443 4120 ιι
1465 4070 1525 4124 C.
1561 4088 1662 4122 χιι.
1695 4113 1726 4124 ..
1769 4111 1890 4136 ,
1997 4109 2086 4137 2„
2167 4121 2172 4136 ‚
2229 4119 2236 4124 .
2311 4097 2362 4138 ,ιι
