2900 4678
1134 291 1523 360 -29-

307 413 524 506 ptoris
557 414 856 483 animum
877 413 1253 482 inflammai
1258 429 1405 501 unt
1449 438 1794 508 nunquam
1828 413 2159 484 rationem
2191 417 2330 509 ejus

306 511 564 581 ebriam
614 512 985 580 effecerunt
1030 527 1096 580 et
1133 510 1680 623 tumultuantem,
1734 538 2079 606 nunquam
2115 514 2332 607 inspi-

308 625 546 678 larunt
583 610 642 676 ei
682 608 1025 679 mirandos
1064 608 1212 679 illos
1256 611 1545 702 impetus
1582 611 1699 680 ubi
1734 611 1969 698 1101110,
2010 637 2143 679 31133
2174 637 2331 682 con·

305 706 586 776 ditionis
634 708 1013 792 immemor,
1053 733 1186 776 31133
1224 707 1651 791 mortalitatis
1696 709 1805 776 vix
1841 710 2182 791 conscius,
2227 735 2329 779 re·

305 805 625 875 viviscere
671 806 941 873 videtur
995 806 1066 872 in
1124 806 1437 874 omnibus
1495 832 1644 901 quae
1683 806 2169 876 circumstant¹.

403 906 491 971 Et
525 903 656 972 11οὃ
694 903 967 997 quidem
1010 905 1287 997 poeticae
1320 929 1529 998 genus
1564 905 1731 973 adeo
1775 919 2035 973 vastum
2079 920 2146 972 et
2193 930 2328 974 am-

303 998 492 1095 plum
528 1016 626 1070 331
678 1016 757 1069 111
803 1002 991 1069 0111111
1026 1000 1168 1095 lege
1216 1017 1416 1096 atque
1472 1003 1657 1070 omni
1699 1003 2050 1095 proposito
2103 1027 2329 1072 carere

300 1098 639 1169 videatur.
682 1100 997 1169 Attamen
1033 1099 1102 1167 in
1150 1100 1286 1167 1103
1331 1124 1638 1193 quoque,
1688 1101 1910 1194 magni
1961 1099 2214 1193 aliquid
2264 1116 2331 1170 et

300 1196 554 1264 nobilis
585 1199 812 1265 inest:

404 1295 583 1362 Fieri
630 1309 851 1389 potest
897 1309 973 1363 ut
1019 1293 1187 1362 nihil
1235 1320 1368 1363 31133
1418 1295 1761 1389 dignitatis
1820 1294 2027 1362 homo
2067 1296 2331 1365 amittat

297 1392 739 1460 inanimatam
793 1388 974 1459 illam
1030 1406 1342 1460 naturam
1390 1393 1477 1460 ad
1523 1418 1592 1461 se
1648 1417 1858 1503 usque
1911 1392 2261 1462 evehendo
2305 1421 2321 1462 ε

299 1491 608 1584 apprime
676 1489 865 1558 novit
931 1488 1077 1573 fore
1125 1514 1192 1558 se
1250 1515 1513 1584 semper
1559 1492 1798 1559 ceteris
1858 1491 2321 1585 superiorem,

299 1613 593 1699 semper,
632 1590 722 1657 ut
744 1587 837 1655 ita
862 1569 1106 1673 dicam,
1148 1612 1398 1682 regem,
1439 1589 1555 1682 qui
1590 1589 1660 1656 in
1694 1589 1868 1657 113113
1912 1614 2137 1657 rerum
2172 1591 2327 1658 uni-

299 1686 683 1755 versitatem
709 1685 1122 1774 dominetur,
1163 1711 1364 1780 seque
1403 1686 1650 1780 ipsum,
1689 1701 1927 1780 utpote
1964 1687 2227 1756 ratione
2262 1704 2328 1757 et

302 1800 577 1879 pectore
603 1808 792 1876 aeque
821 1798 1265 1872 constantem,
1290 1807 1370 1852 30
1393 1783 1795 1853 3011033111111
1819 1808 1957 1852 3333
1976 1784 2121 1872 ubi,
2154 1785 2330 1855 inter

298 1898 549 1970 313313,
582 1880 846 1950 nullum
872 1881 1060 1973 juxta
1092 1907 1161 1950 se
1197 1882 1480 1951 assideat
1509 1908 1523 1949 ε
1554 1882 1744 1950 novit
1780 1906 1882 1970 33,
1909 1908 2117 1976 quum
2156 1909 2320 1977 pro-

298 1981 518 2072 priam
553 1982 759 2049 vitam
785 2004 938 2048 cum
981 1980 1216 2049 vicinis
1247 1979 1649 2048 animalibus
1691 1980 2174 2065 communicet,
2230 1996 2327 2049 ta-

299 2103 457 2146 men
474 2093 725 2165 mente,
743 2078 1150 2171 cogitatione
1168 2076 1583 2172 altius-longe
1594 2078 1824 2146 efferri
1837 2130 1851 2146 .
1870 2077 2002 2146 Sed
2020 2092 2324 2147 naturam

298 2174 442 2244 vult
502 2174 874 2269 intelligere
929 2190 994 2243 et
1047 2176 1360 2244 omnibus
1421 2176 1526 2244 his
1579 2175 1824 2269 quibus
1870 2176 2328 2245 circumdatur

296 2299 483 2342 suam
506 2273 1068 2369 significationem
1090 2275 1416 2361 tribuere,
1443 2299 1678 2343 eorum
1698 2273 1964 2343 vincula
1985 2288 2049 2342 et
2075 2273 2328 2343 foedera

295 2388 588 2441 statuere
604 2387 672 2440 et
691 2386 1062 2440 creaturam
1084 2396 1352 2441 omnem
1376 2372 1460 2439 ad
1476 2374 1695 2439 Deum
1718 2370 2325 2440 concelebrandum

299 2494 573 2556 vocare3
626 2495 843 2563 neque
884 2469 1222 2538 affirmare
1252 2469 1490 2557 ausim,
1527 2469 1598 2536 id
1633 2469 1913 2536 omnino
1943 2483 2161 2537 tutum
2186 2494 2326 2538 esse

298 2582 368 2636 et
411 2568 799 2661 neutiquam
837 2565 1211 2661 periculum
1247 2592 1636 2653 occurrere;
1674 2566 1820 2634 fore
1860 2582 2083 2636 autem
2123 2567 2325 2636 credo

297 2664 662 2758 aliquando
714 2681 787 2734 ut
839 2665 1100 2733 animus
1144 2681 1407 2754 noster,
1460 2667 1529 2732 in
1573 2664 1792 2731 media
1822 2663 1935 2732 illa
1976 2666 2326 2734 exterioris

298 2777 554 2833 naturae
596 2761 759 2831 silva
803 2763 1070 2831 aberret
1116 2777 1183 2830 et
1225 2763 1435 2857 ipsam
1483 2764 1657 2831 hanc
1694 2778 2000 2830 naturam
2035 2760 2139 2832 vel
2174 2764 2324 2829 Deo

284 2859 775 2953 adaequandiet
798 2861 880 2929 ad
899 2863 1119 2929 Deum
1157 2862 1458 2955 erigendi
1494 2861 1848 2930 discrimen
1888 2859 2116 2949 adeat,
2155 2884 2326 2929 33333

296 2984 575 3052 prorsus
612 2959 870 3027 insania
908 2984 1055 3052 quae
1108 2974 1400 3027 mentem
1442 2958 1825 3053 pessumdet
1865 2973 1933 3025 et
1977 2958 2324 3026 hominem

296 3053 662 3151 deprimat!
692 3060 846 3127 Non
873 3058 1080 3151 magis
1101 3056 1358 3126 inficias
1384 3057 1535 3146 ibo,
1553 3055 1735 3150 quod
1758 3055 1843 3124 ad
1871 3070 2080 3123 artem
2112 3055 2324 3148 ipsam

295 3169 585 3246 spectat,
640 3170 711 3222 ut
742 3155 880 3246 jam
923 3155 1007 3222 de
1054 3179 1320 3223 morum
1357 3153 1711 3248 disciplina
1760 3168 2051 3242 taceam,
2091 3153 2324 3245 hujus·

298 3252 483 3324 modi
531 3252 789 3321 insania
817 3253 998 3346 gigni
1038 3254 1340 3321 carmina
1375 3267 1491 3320 aut
1527 3252 1906 3345 pedestrem
1944 3275 2330 3341 sermonem

297 3374 446 3442 quae
491 3351 602 3419 vix
638 3348 1126 3446 intelligantur.
1172 3352 1243 3418 Si
1277 3350 1506 3419 omnia
1527 3348 1669 3418 vult
1696 3374 1937 3417 arcana
1967 3363 2324 3443 penetrare

295 3462 364 3514 et
391 3448 791 3542 investigare
806 3474 1083 3541 prorsus
1099 3449 1335 3517 artifex
1369 3448 1679 3517 aberrat:
1711 3447 1880 3516 adeo
1907 3462 2088 3517 vasta
2110 3448 2323 3542 spatia

294 3543 766 3637 complectitur
799 3562 873 3615 ut
909 3547 1017 3615 vix
1052 3545 1282 3615 oculus
1320 3547 1692 3641 quidquam
1727 3546 2007 3640 aspiciat
2058 3571 2073 3613 ε
2116 3561 2208 3632 31,
2250 3546 2320 3612 111

296 3640 566 3710 infinito
607 3642 723 3713 illo
769 3659 1024 3714 naturae
1066 3643 1497 3756 labyrintho,
1553 3671 1761 3739 quum
1817 3643 2081 3712 amittat
2133 3598 2322 3711 filum

291 3739 419 3807 viae
467 3740 759 3829 index,
735 3768 874 3835 Jam
920 3743 1107 3812 deest
1149 3742 1332 3837 quod
1378 3744 1515 3812 vim
1554 3740 1899 3838 cogitandi
1933 3740 2325 3809 moderetur

366 3991 381 4021 ¹
423 3992 488 4043 In
502 3989 593 4043 illa
615 3989 780 4041 animi
793 4008 914 4043 cum
937 3990 1193 4043 exteriore
1211 4001 1399 4042 natura
1420 3989 1606 4048 intima
1627 3987 2001 4042 communione
2018 4003 2066 4044 et
2081 3990 2323 4043 societate

288 4062 471 4115 omnia
501 4063 610 4115 fere
633 4061 938 4114 recentioris
961 4062 1119 4133 hujus
1142 4061 1238 4113 aevi
1262 4074 1540 4131 poetarum
1556 4079 1716 4131 opera
1743 4073 1998 4117 constant.
