2900 4678
343 395 690 464 commu-ni
714 394 853 467 v‘ita
871 394 1235 465 admodum
1261 396 1733 467 abhorrentes.
1763 401 2162 468 Ventosam¹
2182 399 2362 469 illam

343 490 727 563 scholarum
763 491 1237 588 loquacitatem
1293 524 1327 561 «
1385 514 1539 589 quae
1576 496 1902 588 juvenum
1946 498 2205 565 animos
2253 521 2363 565 ve-

345 587 471 659 luti
519 590 858 684 pestilenti
902 592 1199 687 quodam
1231 593 1452 662 sidere
1486 594 1740 662 afflavit
1776 593 2366 689 eloquentiamque

343 688 679 780 perdidit,
710 716 761 775 ·»⁸
791 690 1151 759 Petronius
1183 715 1459 784 quoque
1492 692 1846 785 exagitavit
1881 691 2358 786 explositque².

341 784 534 854 Tales
568 803 764 855 erant
800 787 930 855 ill-ae
957 788 1369 875 Quintiliani
1400 787 1981 858 ἰιῙεεἸοίιηαιτιόιῑιε’“.3·8
2006 804 2071 858 et
2101 792 2367 859 Senecae

338 885 824 954 controversias
887 886 1078 979 quasi
1108 900 1113 904 ’
1140 885 1256 955 abs
1301 901 1541 955 natura
1596 901 1713 955 aut
1765 902 2005 955 contra
2054 902 2365 956 naturam

343 985 785 1076 compositae:
826 983 940 1067 hic
991 980 1161 1052 nihil
1213 985 1563 1053 veritatem
1611 1007 1695 1053 ne
1737 982 1998 1052 redolet
2045 983 2362 1078 quidem3

344 1077 515 1149 falsa
538 1095 605 1148 et
637 1079 791 1149 ficta
824 1081 950 1148 ista
983 1082 1221 1150 omnia
1253 1094 1322 1150 ct
1362 1081 1446 1153 ad
1484 1106 1716 1151 vocem
1750 1097 1817 1150 et
1854 1080 2153 1175 linguam
2188 1106 2371 1150 exer-

343 1177 629 1246 cendam
698 1178 1171 1246 tantummodo
1217 1179 1468 1271 scripta
1524 1193 1640 1247 aut
1691 1179 1990 1249 recitata.
2048 1183 2373 1248 Forenses

346 1273 479 1343 illue
508 1289 579 1342 et
612 1274 970 1369 populares
1013 1276 1510 1364 contentiones,
1550 1275 1903 1370 utriusque
1937 1277 2198 1346 ordinis
2231 1277 2368 1346 dis—

344 1373 543 1461 sidia,
583 1397 816 1466 graves
862 1388 1129 1441 senatus
1176 1371 1722 1464 deliberationes,
1763 1373 2021 1442 nobiles
2070 1374 2376 1444 tribuna-

345 1468 512 1539 lium
541 1468 715 1558 lites,
746 1484 1122 1540 rostrorum
1152 1471 1486 1564 majestas,
1518 1471 1817 1565 ingentia
1841 1470 1954 1540 illa
1973 1470 2375 1566 eloquentiae

348 1567 820 1655 incitamenta,
853 1593 1007 1637 cum
1037 1569 1178 1662 ipsa
1215 1568 1561 1662 republica
1595 1567 1789 1637 simul
1828 1570 2149 1639 exstincta
2185 1584 2367 1639 sunt.

349 1666 590 1760 Itaque
652 1665 997 1760 ingenium
1059 1684 1254 1735 suum
1338 1668 1643 1735 rhetores
1724 1667 2240 1755 excruciabant,
2310 1682 2377 1735 et

347 1761 701 1832 historiam
748 1765 988 1832 misere
1040 1763 1478 1857 torquebant,
1517 1774 1594 1833 ut
1641 1764 1800 1832 hinc
1849 1763 2162 1833 materias
2208 1763 2373 1832 edu·-

347 1875 579 1930 cerent
627 1887 707 1931 ex
756 1873 1045 1954 utraque
1087 1861 1279 1955 p‘arte
1326 1859 1749 1949 tractabiles3
1805 1860 2038 1931 solitos
2087 1863 2378 1955 pectoris

346 1958 628 2028 humani
662 1959 974 2044 affectus,
1016 1959 1194 2029 ciirili
1241 1961 1429 2053 quasi
1466 1956 1645 2027 bello
1681 1957 1845 2026 alios
1881 1958 2031 2027 aliis
2062 1960 2378 2028 commit·-

348 2055 604 2127 tebant.
640 2060 779 2127 Nos
805 2057 1080 2151 quidem
1099 2057 1429 2151 vid‘imuS‚
1464 2058 1535 2125 in
1570 2055 1960 2151 nuperrima
1996 2056 2371 2149 ferreaque,

350 2168 427 2223 ut
460 2155 735 2249 quidem
766 2155 955 2223 aiunt
975 2205 994 2242 ,
1025 2153 1403 2224 litterarum
1432 2170 1815 2223 nostrarum
1851 2169 2076 2241 aetate,
2112 2155 2381 2247 flagitiis

348 2253 531 2322 viros
565 2268 681 2321 aut
714 2253 996 2321 feminas
1028 2269 1383 2346 coopertas
1419 2268 1488 2321 et
1526 2277 1661 2321 una
1699 2267 1961 2320 tantum
1995 2253 2243 2319 virtute
2271 2267 2379 2319 to-

348 2346 694 2420 lerabiles:
722 2350 1013 2422 vidimus
1048 2348 1325 2445 lyricam
1361 2351 1645 2450 poesim,
1678 2364 1933 2418 n-aturae
1960 2351 2375 2435 amatricem,

347 2443 579 2519 versus
626 2449 814 2517 omni
858 2473 1060 2543 super
1103 2449 1384 2517 materia
1434 2447 1745 2516 edentem
1795 2461 1862 2514 et
1915 2446 2218 2515 versibus
2270 2445 2381 2515 illa

348 2562 703 2617 canentem
752 2571 901 2640 quae
952 2544 1208 2615 solutus
1253 2570 1475 2614 sermo
1523 2558 1945 2614 contrectare
1997 2541 2382 2638 religiosum

349 2644 719 2713 habuisset.
770 2642 975 2730 Quod
1024 2643 1297 2736 quidem
1340 2659 1418 2711 ut
1464 2641 1641 2737 apud
1679 2665 1803 2710 nos
1840 2644 2107 2710 satietas
2145 2656 2384 2735 praete-

350 2741 496 2826 riti,
537 2757 627 2828 et,
671 2756 745 2809 ut
781 2742 872 2808 ait
908 2739 1157 2809 femina
1203 2739 1447 2809 nobilis
1468 2741 1515 2829 ⁴,
1560 2738 1958 2808 intimorum
2005 2754 2122 2808 aut
2162 2738 2384 2808 multi-

350 2836 631 2932 plicium
664 2840 1028 2907 affectuum
1057 2840 1409 2908 necessitas
1440 2838 1701 2936 genuit,
1729 2838 1821 2906 ita
1842 2836 2016 2930 apud
2044 2839 2386 2904 Romanos

349 2934 629 3004 stolidas
662 2938 817 3005 istas
855 2941 920 3004 et
954 2951 1113 3004 v'ero
1156 2937 1355 3005 nimis
1393 2951 1843 3031 repugnantes
1889 2935 2201 3001 materias
2235 2951 2385 3002 mo·

349 3057 505 3103 rum
537 3032 956 3130 corruptela,
999 3035 1385 3102 animorum
1417 3034 1795 3127 depressiO,
1836 3028 2387 3125 educationisque

350 3132 647 3227 antiquae
684 3131 939 3201 oblivio
976 3132 1266 3226 peperit.

1284 3377 1453 3469 §⁷-

452 3557 553 3627 Ex
593 3555 928 3627 industria
969 3550 1247 3651 'quidem
1294 3551 1478 3623 aliud
1521 3573 1821 3649 quoque,
1859 3550 2299 3622 vehementer
2322 3562 2430 3622 et.
2534 3541 2541 3547 ⁶
2617 3530 2631 3542 ⁰

351 3654 600 3750 saepius
625 3679 664 3724 a
689 3649 977 3725 Messala-
1009 3676 1143 3722 suae
1175 3652 1389 3721 aetatis
1417 3651 1661 3721 litteris
1706 3650 2045 3743 objectum
2091 3647 2345 3717 crimen
2366 3697 2383 3731 ,

430 3830 446 3860 ¹
489 3828 627 3881 Dial.
654 3846 704 3883 c.
724 3847 870 3895 xxx1,
896 3847 1079 3884 xxxvl.

429 3901 452 3933 ²
488 3902 776 3968 Smyr-icon,
794 3919 846 3954 c.
870 3918 892 3953 1
915 3912 966 3953 et
985 3917 1047 3954 11.

432 3974 452 4004 ⁸
488 3972 841 4039 Vid.Quint.,
865 3972 974 4025 vol.
1005 3971 1057 4024 V
1081 3981 1133 4023 et
1153 3970 1256 4035 VI,
1288 3966 1416 4021 edit.
1445 3968 1695 4022 Lemarii.

433 4045 454 4075 ⁴
490 4044 621 4098 ΜΝ,
635 4043 703 4096 de
730 4043 887 4108 Sta'e'l,
908 4045 982 4093 Do
1003 4039 1349 4108 FAllemagne,
1376 4039 1452 4092 11‘
1480 4039 1671 4109 partie,
1705 4056 1777 4092 xx.
