2900 4678
1282 276 1676 345 ...qo-

571 395 775 482 Quod
795 396 1036 464 attinet
1051 396 1136 464 ad
1158 394 1325 465 illud
1346 412 1843 491 argumentum,
1867 398 2161 467 Plinium
2182 411 2492 489 poemata

478 516 616 561 non
649 492 988 586 scripsisse
1019 518 1235 586 neque
1255 518 1332 562 ea
1362 493 1563 563 fuisse
1583 497 1815 564 Romae
1839 492 2256 579 circumlata,
2292 515 2490 585 pror-

476 614 584 658 sus
609 590 1038 658 temerarium
1070 605 1194 679 est,
1230 615 1436 684 quum
1477 592 1619 660 haec
1654 593 1832 686 apud
1863 591 2158 661 Plinium
2186 588 2494 683 legantur

478 685 724 779 (pauca
747 687 925 755 inter
945 685 1153 755 multa
1172 687 1665 782 excerpsimus)
1689 715 1705 756 ε
1734 717 1768 755 «
1789 691 2151 782 Nunquam
2178 712 2214 755 a
2236 686 2498 778 poetice

474 781 732 850 alienus
763 781 895 869 fui3
921 782 1121 852 altius
1155 786 1335 852 enim
1367 798 1692 878 repetam.
1720 787 1908 873 Quin
1938 782 2140 853 etiam
2175 798 2497 875 quatuor-

475 878 694 947 decim
714 895 908 947 natus
925 904 1142 948 annos
1157 906 1441 974 gnaecam
1471 881 1866 975 tragoediam
1887 880 2147 974 scripsi.
2165 875 2498 966 Qualem?

475 975 722 1069 inquis,
748 978 1024 1065 Nescio;
1056 977 1379 1071 tragoedia
1396 978 1787 1047 vocabatur.
1814 980 1978 1047 Mox
2006 999 2216 1071 quum
2245 999 2282 1043 a
2309 973 2497 1042 mili-

476 1072 570 1140 tia
617 1072 881 1141 rediens
940 1074 1012 1141 in
1062 1075 1274 1143 Icaria
1325 1073 1542 1143 insula
1582 1075 1799 1143 ventis
1847 1066 2215 1156 detinerer,
2256 1070 2502 1139 latinos

475 1166 697 1264 elegos
732 1170 801 1236 in
837 1168 1001 1238 illud
1037 1171 1258 1263 ipsum
1293 1196 1477 1259 mare
1512 1170 1932 1265 insulamque
1978 1170 2130 1239 feci.
2169 1171 2502 1260 Expertus

477 1290 622 1334 sum
658 1291 764 1334 me
799 1264 1162 1358 aliquando
1197 1283 1264 1335 et
1295 1267 1574 1335 heroico
1587 1316 2492 1337 ............

582 1388 617 1426 «
634 1360 835 1429 Plura
857 1377 1091 1448 metra,
1113 1363 1166 1430 si
1188 1363 1349 1456 quid
1374 1364 1525 1450 otii,
1542 1364 1827 1434 maxime
1844 1364 2198 1449 initinere,
2217 1361 2494 1429 tentavi.

482 1461 833 1526 Postremo
872 1457 1123 1550 placuit
1156 1458 1463 1554 exemplo
1501 1459 1870 1528 multorum
1901 1485 2112 1529 unum
2141 1458 2499 1551 separatim
2592 1501 2597 1505 -

479 1554 1194 1647 hendecasyllaborum
1226 1553 1543 1625 volumen
1571 1556 1949 1626 absolvere:
1975 1581 2099 1624 nec
2123 1555 2460 1650 poenitet..
2479 1607 2494 1620 .

582 1679 616 1717 «
655 1653 958 1745 Legitur,
1008 1654 1436 1741 describitur,
1478 1669 1790 1723 cantatur
1821 1655 2023 1723 etiam
2067 1667 2135 1720 et
2179 1676 2219 1719 a
2252 1650 2504 1720 Graecis

482 1772 753 1841 quoque
805 1775 975 1841 quos
1027 1749 1230 1818 latine
1271 1751 1471 1843 hujus
1523 1749 1728 1819 libelli
1778 1776 1968 1819 amor
2005 1749 2281 1836 docuit,
2323 1772 2504 1816 nunc

481 1844 739 1913 cithara
782 1872 965 1918 nunc
1012 1845 1159 1940 lyra
1201 1863 1609 1940 personatur
1616 1897 1794 1918 ......
1848 1862 1914 1916 et
1953 1861 2182 1921 ,tamen
2231 1868 2368 1911 non
2419 1843 2504 1911 de

483 1953 634 2010 meo
672 1942 789 2011 sed
823 1944 907 2012 de
940 1943 1226 2013 aliorum
1253 1944 1513 2036 judicio
1548 1944 1821 2038 loquor,
1861 1945 1979 2037 qui
2013 1943 2149 2012 sive
2164 1941 2500 2035 judicant,

482 2038 620 2107 sive
670 2055 942 2130 errant,
992 2066 1098 2109 me
1151 2039 1522 2128 delectant3
1571 2066 1783 2110 unum
1838 2065 2083 2137 precor
2126 2053 2201 2107 ut
2252 2036 2504 2130 posteri

484 2159 756 2228 quoque
787 2153 904 2206 aut
939 2151 1171 2205 errent
1202 2136 1513 2206 similiter
1541 2152 1657 2206 aut
1677 2137 2009 2229 judicent.
2050 2134 2219 2205 Vale
2242 2138 2283 2203 ¹.
2318 2161 2353 2199 »

580 2234 680 2299 Ex
712 2232 825 2302 illa
866 2235 1071 2328 igitur
1099 2232 1574 2328 epist—olasatis
1612 2233 1821 2327 liquet
1854 2259 1894 2303 a
1934 2232 2159 2301 Plinio
2199 2243 2508 2325 poemata

485 2327 685 2400 fuisse
715 2332 1122 2426 composita3
1149 2357 1229 2400 ex
1254 2330 1743 2426 superioribus,
1774 2329 1964 2401 illum
1984 2330 2184 2399 fuisse
2208 2324 2508 2424 epistolae

486 2424 653 2520 (Ep.
695 2431 794 2495 IX
811 2481 829 2516 ,
860 2429 935 2522 x)
960 2445 1304 2497 auctorem
1322 2479 1342 2511 ‚
1375 2430 1714 2521 verbaque
1743 2427 1854 2497 illa
1874 2482 1892 2516 ,
1919 2430 2104 2497 inter
2128 2449 2418 2495 nemora
2440 2438 2512 2491 et

488 2522 700 2608 lucos,
736 2540 810 2592 at
844 2540 917 2593 ta
932 2539 1176 2619 putas,
1202 2540 1365 2612 etc.‚
1409 2549 1445 2593 a
1475 2526 1696 2613 nobis,
1725 2527 1938 2595 Taciti
1978 2525 2048 2593 in
2082 2525 2209 2592 hac
2237 2522 2356 2609 lite
2389 2521 2507 2589 de-

489 2618 896 2710 fensoribuS‚
941 2646 1135 2715 posse
1169 2619 1357 2690 lucro
1390 2624 1667 2715 apponi.
2332 2629 2336 2634 ⁴

586 2718 714 2784 Sed
738 2719 875 2809 jam
907 2717 1364 2812 relinquamus
1390 2720 1738 2788 horridam
1762 2718 1969 2807 illam,
2001 2716 2508 2812 qualiscumque

381 2813 387 2818 ’
487 2827 620 2900 est,
679 2815 1077 2884 eruditionis
1113 2814 1379 2902 silvam,
1434 2814 1894 2910 laetioremque
1946 2818 2121 2885 viam
2187 2789 2523 2914 ingressi&

487 2910 572 2978 ad
593 2910 1154 3002 jucundissimum
1184 2912 1547 3007 Dialogum
1577 2914 1996 2983 festinemus*

487 3114 592 3168 Sed
621 3115 729 3167 sive
754 3117 933 3170 omnia
958 3118 1146 3183 simul,
1176 3118 1283 3170 sive
1310 3117 1511 3187 aliquid
1534 3118 1691 3170 facias
1707 3158 1721 3181 ,
1748 3136 1857 3169 non
1875 3135 2088 3189 possum
2117 3115 2290 3168 dicere
2321 3134 2333 3169 :
2370 3114 2508 3166 invi-

489 3184 612 3238 deo.
633 3189 814 3257 Angor
828 3200 1002 3240 tamen
1019 3207 1127 3240 non
1148 3201 1199 3241 et
1213 3188 1344 3240 mihi
1356 3189 1513 3241 licere
1523 3207 1637 3257 quae
1653 3189 1727 3240 sic
1741 3190 2057 3258 concupisco
2081 3198 2139 3238 ut
2160 3186 2282 3255 aegri
2298 3186 2481 3238 vinum
2492 3225 2503 3246 ‚

486 3257 692 3319 balnea,
724 3259 911 3311 fontes.
948 3261 1300 3328 Nunquamne
1331 3261 1429 3311 hos
1465 3259 1779 3311 arctissimos
1808 3260 2038 3328 laquem,
2069 3259 2112 3309 si
2136 3258 2336 3309 solvere
2358 3274 2513 3327 nega—

490 3339 594 3388 tur,
633 3329 986 3398 abrumpam?
1013 3332 1298 3398 Nunquam
1315 3370 1329 3395 ‚
1355 3342 1515 3400 puto;
1552 3348 1676 3381 nam
1705 3330 1964 3382 veteribus
2001 3328 2221 3399 negotiis
2242 3343 2396 3379 ‘nova
2433 3345 2515 3379 ac-

491 3410 728 3449 crescunt
755 3417 853 3450 nec
878 3412 1053 3451 tamen
1072 3400 1251 3469 priora
1275 3412 1616 3470 peraguntur.
1645 3401 1751 3452 Tot
1777 3400 2016 3458 nexibu8‚
2045 3411 2123 3451 tot
2144 3395 2291 3467 quasi
2317 3397 2513 3449 catenis

492 3470 658 3537 majus
689 3468 744 3519 in
769 3467 880 3520 dies
904 3467 1315 3539 occupationum
1343 3489 1530 3540 agmen
1565 3470 1883 3523 extenditur.
1903 3490 1928 3522 2>
1967 3472 2053 3534 ΙΙ,
2091 3487 2205 3524 vm.
2224 3469 2510 3521 —«Sum-

492 3556 634 3590 mam
664 3550 736 3602 te,
770 3539 1100 3605 Mamiliane,
1130 3541 1450 3610 voluptatem
1488 3541 1779 3611 percepisse
1805 3560 1870 3593 ex
1899 3541 1998 3593 isto
2026 3539 2384 3611 copiosissimo
2416 3557 2512 3590 ve-

491 3608 656 3660 nandi
682 3607 868 3678 genere
888 3628 996 3660 non
1018 3611 1201 3675 miror,
1217 3629 1402 3679 quum,
1426 3611 1797 3663 historicorum
1812 3610 1971 3663 modo
1988 3613 2200 3675 scr-ihm,
2228 3627 2509 3661 numerum

492 3678 615 3729 iniri
640 3698 748 3730 non
772 3680 1019 3750 potuisse.
1051 3682 1206 3731 Nobis
1229 3684 1392 3732 venari
1406 3702 1494 3733 nec
1510 3696 1652 3733 vacat
1676 3702 1762 3733 nec
1777 3682 1909 3732 libet.
1934 3688 2050 3733 Non
2077 3694 2234 3742 vacat,
2263 3682 2377 3752 que'a
2406 3682 2509 3731 vin·

493 3748 662 3800 demiae
689 3754 738 3800 in
768 3751 986 3802 manibus
1002 3774 1022 3812 ,·
1052 3771 1151 3803 non
1172 3753 1306 3813 libet,
1332 3755 1446 3824 quia
1466 3754 1672 3821 exiguae.
1705 3773 1730 3804 n
1761 3754 1870 3817 IX,
1900 3771 2026 3814 xvl„

568 3822 580 3850 ¹
622 3821 740 3875 Lib.
763 3823 894 3890 VII,
919 3841 990 3875 xv.
1015 3824 1171 3875 Conf.
1201 3825 1388 3895 Epist„
1415 3825 1452 3874 l.
1483 3824 1581 3886 IX,
1610 3842 1715 3875 xvl.
