2900 4678
1335 251 1728 361 ...504-

526 406 902 497 evanuisse,
940 420 1011 489 et
1032 459 1052 496 ‚
1088 404 1247 486 licet
1278 406 1453 483 desit
1488 407 1814 483 hactenus
1845 401 2074 483 ‚nodus
2095 425 2237 497 quo
2267 403 2449 474 inter
2474 428 2546 474 s·

525 509 805 602 antiqua
862 521 932 583 et
982 505 1360 585 recentiora
1420 503 1830 601 copulentur
1850 555 1871 593 ‚
1940 517 2168 574 tamen
2208 501 2348 596 jam
2414 501 2546 573 alia

525 607 739 703 quaeri
766 602 1107 702 placendi
1149 605 1432 679 itinera.
2331 628 2334 631 ’

621 706 954 794 Quaenam
984 717 1211 781 autem
1234 702 1445 798 ipsius
1469 701 1688 775 Taciti
1715 701 1955 796 opinio
1987 700 2101 790 sit,
2139 696 2427 788 facilius,
2465 715 2543 768 ut
2592 730 2598 734 ·

522 803 827 891 arbitror
850 856 871 893 ‚
934 799 1267 897 intelligas
1309 826 1518 896 quam
1549 797 1873 875 declares.
1916 799 1988 869 Si
2027 799 2180 894 quis
2211 822 2249 867 a
2281 822 2391 883 mc
2422 797 2547 867 sci-

525 901 806 979 scitetur
839 916 1066 979 utram
1097 901 1366 977 Tacitus
1416 899 1532 976 hic
1573 923 1934 997 personam
1970 895 2325 967 induerit?
2372 898 2548 966 Mes-

525 998 679 1075 salae
717 1024 1080 1094 personam
1128 998 1441 1073 dixerim.
1492 997 1565 1069 Si
1603 998 1792 1091 quis,
1833 996 1974 1067 utri
2007 994 2320 1069 videatur
2366 994 2546 1089 panti

524 1097 879 1177 assentiri?
924 1095 1227 1175 Messalae
1269 1097 1520 1174 iterum
1572 1095 1884 1169 dixerim.
1934 1097 2064 1185 At,
2115 1094 2171 1164 si
2222 1091 2375 1188 quis
2415 1093 2550 1162 hoe

525 1222 771 1293 parum
809 1210 1197 1284 contentus,
1240 1195 1611 1289 interroget
1644 1218 1752 1265 me
1783 1217 2147 1289 quemnam
2177 1217 2250 1262 se
2280 1191 2366 1262 ad
2400 1216 2550 1261 mo-

527 1293 767 1371 dulum
809 1310 879 1365 et
920 1292 1264 1390 exemplar
1302 1291 1816 1368 informaverit?
1846 1294 2110 1387 Aprum
2144 1289 2539 1360 nominabo.

623 1392 973 1482 Quidnam
1016 1393 1226 1473 hocce
1269 1389 1657 1486 significat?
1693 1389 1961 1461 Tacitus
2009 1388 2323 1484 quidem,
2369 1403 2551 1458 vete-

528 1516 682 1569 rum
710 1491 1111 1579 admirator,
1151 1491 1397 1565 veteris
1427 1487 1830 1583 eloquentiae
1861 1505 2215 1584 patronus,
2243 1502 2549 1579 veterum

432 1678 435 1679 ⁷
484 1589 814 1685 ‘maxime
880 1589 1345 1670 institutorum
1406 1585 1746 1661 laudium-¹
1771 1640 1791 1675 ‚
1850 1589 1905 1657 si
1962 1586 2237 1682 quidem
2291 1585 2552 1655 sincere

580 1688 822 1782 ris'cam
872 1688 1056 1781 luget
1100 1685 1557 1781 eloquentiam
1601 1684 1985 1780 ademptam
2033 1700 2101 1755 et
2150 1682 2553 1757 inclinantes

526 1713 789 1856 litteras
826 1801 894 1854 et
942 1798 1155 1855 artem
1180 1837 1200 1874 ,
1249 1785 1434 1880 luget
1475 1784 1810 1879 imprimis
1843 1782 2226 1854 libertatem
2266 1807 2550 1878 oppres-

527 1910 671 1955 sam
696 1886 741 1953 2.
803 1884 1039 1977 Neque
1098 1884 1280 1953 enim
1335 1883 1422 1952 ad
1482 1907 1750 1952 causam
1811 1881 1994 1952 illam
2056 1881 2550 1977 suscipiendam
2597 1934 2627 1956 .

529 1981 744 2078 magis
784 1979 1164 2053 litterarum
1206 1981 1432 2052 studio
1475 1980 1955 2055 adducebatur.
1971 2007 2176 2075 quam
2209 2005 2438 2059 amore
2468 1977 2552 2048 li-

531 2080 854 2170 bertatis3
907 2105 993 2150 ne
1035 2081 1106 2150 id
1152 2079 1654 2168 obliviscamur,
1694 2080 1777 2149 de
1823 2078 2182 2174 republica
2205 2079 2277 2148 in
2309 2080 2441 2148 hoc
2473 2075 2554 2146 li-

530 2176 709 2248 bello
756 2184 944 2272 aeque
994 2203 1069 2249 ac
1124 2177 1208 2247 de
1260 2176 1503 2246 litteris
1542 2178 1799 2281 agitur3
1858 2180 2030 2248 sicut
2078 2192 2296 2248 cetera
2337 2176 2551 2246 Taciti

533 2300 786 2372 opera,
841 2277 933 2345 ita
975 2291 1043 2348 et
1094 2273 1259 2360 illud
1312 2300 1454 2345 non
1500 2274 1586 2346 ad
1632 2273 2039 2370 peculiarem
2093 2275 2296 2345 modo
2349 2274 2556 2345 finem

418 2385 421 2388 ’
533 2375 752 2471 vergit
774 2374 890 2446 sed
917 2375 1003 2445 ad
1027 2373 1226 2445 aliam
1251 2399 1550 2469 quoque,
1581 2400 1769 2470 aeque
1793 2374 2284 2461 admirandam,
2313 2398 2556 2469 nempe

536 2473 622 2548 ad
654 2474 999 2567 praesentis
1028 2473 1357 2567 temporis
1389 2473 1928 2545 insectationem.
1963 2471 2557 2562 Quemadmodum

534 2571 607 2644 in
661 2568 981 2642 Moribus
1035 2573 1594 2661 Germanorum,
1659 2572 1972 2667 opposita
2029 2571 2557 2667 alienigenarum

524 2667 694 2741 ‚rudi
733 2667 851 2740 sed
899 2669 1296 2764 incorrupta
1349 2669 1662 2748 barbarie
1688 2721 1707 2759 ‚
1764 2694 2082 2741 romanos
2122 2695 2383 2761 mores,
2439 2695 2556 2739 ro·

535 2791 943 2861 manamque
989 2765 1445 2863 corruptelam
1505 2767 1782 2864 oblique
1833 2769 2230 2870 perstringit
2243 2770 2290 2855 ⁸,
2338 2769 2436 2838 sic
2483 2767 2558 2838 in

536 2863 828 2961 Dialogo
874 2881 1111 2936 nostro
1150 2882 1454 2958 veterum
1496 2867 1907 2966 scriptorum
1955 2892 2222 2942 causam
2270 2866 2561 2963 pristina

538 2960 813 3035 libertas
844 2964 1009 3061 agit.

634 3060 873 3133 Nihilo
923 3077 1151 3140 tamen
1199 3062 1422 3134 minus
1459 3063 1746 3136 Tacitus
1808 3080 2212 3135 novatorum
2271 3087 2558 3134 numero

538 3158 742 3231 debet
773 3160 1087 3232 adscribi.
1123 3160 1310 3251 Quid
1353 3162 1537 3233 enim
1573 3177 1677 3234 est
1703 3164 1765 3238 ei
1811 3185 1970 3234 cum
2006 3164 2336 3234 Cicerone
2368 3187 2556 3232 com-

537 3283 751 3334 mune
798 3275 916 3330 aut
944 3259 1161 3330 simile
1185 3259 1219 3329 Ρ
1256 3262 1507 3332 Nonne
1547 3277 1888 3357 praerupta
1918 3262 2133 3332 Taciti
2179 3255 2399 3331 oratio
2428 3314 2447 3349 ,
2494 3274 2564 3329 et
2587 3343 2616 3354 Γ

539 3355 930 3427 multicolor
948 3357 976 3427 P
995 3360 1245 3430 Nonne
1268 3373 1337 3429 et
1365 3360 1606 3430 boeves
1630 3358 1764 3431 illae
1794 3361 2168 3450 sententiae,
2189 3375 2258 3430 et
2280 3358 2559 3429 affecta·-

538 3454 641 3525 tio
658 3454 1030 3547 brevitatis,
1052 3456 1387 3552 imprimis
1404 3458 1834 3553 cogitationis
1852 3460 1952 3529 vis
1975 3484 2055 3530 ac
2074 3459 2361 3548 novitas,
2389 3454 2558 3532 nulli

540 3577 682 3632 non
709 3554 1091 3646 sententiae,
1122 3547 1291 3626 nulli
1310 3581 1452 3626 non
1473 3556 1808 3628 vocabulo
1823 3577 2090 3629 sensum
2114 3556 2325 3629 altum
2348 3552 2560 3648 subji-

613 3786 628 3816 ¹
669 3783 827 3842 Conf.
850 3785 1046 3839 Annal.
1071 3786 1152 3852 11,
1183 3803 1398 3853 xxxv113
1421 3785 1530 3854 111,
1569 3805 1754 3842 xxxm.
1773 3817 1846 3832 -—·
1866 3766 2060 3842 Hister.
2080 3789 2132 3856 Ι,
2155 3807 2242 3855 xm,
2266 3801 2368 3842 etc.

611 3856 635 3887 ²
672 3876 699 3910 α
726 3857 977 3911 L’amour
999 3856 1070 3911 de
1086 3858 1136 3911 la
1151 3858 1341 3911 liberte
1350 3858 1551 3942 respiro
1562 3859 1917 3931 partoutdans
1930 3873 2052 3915 tous
2068 3859 2333 3916 sesecrits.
2346 3860 2567 3913 Partout

541 3942 613 3980 on
636 3945 673 3998 y
696 3942 810 3981 sent
834 3930 883 3982 le
900 3942 1072 4001 regret
1093 3929 1185 3982 des
1208 3943 1389 4002 temps
1403 3949 1496 4001 qui
1518 3950 1588 3983 ne
1609 3944 1729 3985 sont
1750 3933 1891 4003 plus.
1925 3933 2035 3987 Son
2072 3936 2189 3990 aine
2232 3944 2309 3985 est
2332 3929 2567 4004 republi-

541 3999 690 4052 caine
701 4016 823 4052 sous
838 4002 888 4052 la
910 4002 1214 4055 monarchie
1240 4000 1332 4056 des
1350 4002 1548 4055 Cesar-s.
1581 4020 1606 4053 >2
1631 4004 1893 4066 Barnous,
1919 4004 2233 4067 introduct„
2258 4020 2393 4078 page
2413 4020 2560 4058 κιαι.

613 4071 636 4101 “
673 4070 833 4124 Conf.
859 4076 992 4129 Mor.
1018 4073 1249 4129 German.
1269 4074 1319 4129 c.
1345 4092 1456 4140 xvi,
1485 4091 1613 4141 xvu,
1638 4093 1789 4142 xvm,
1816 4094 1927 4144 xxx,
1954 4096 2042 4140 xx,
2069 4094 2210 4147 xxvx,
2242 4092 2404 4132 xxvn.
