<?xml version="1.0" encoding="UTF-8"?>
<!DOCTYPE html PUBLIC "-//W3C//DTD XHTML 1.0 Transitional//EN"
    "http://www.w3.org/TR/xhtml1/DTD/xhtml1-transitional.dtd">
<html xmlns="http://www.w3.org/1999/xhtml" xml:lang="en" lang="en">
 <head>
  <title>
</title>
<meta http-equiv="Content-Type" content="text/html;charset=utf-8" />
  <meta name='ocr-system' content='tesseract 3.04.00' />
  <meta name='ocr-capabilities' content='ocr_page ocr_carea ocr_par ocr_line ocrx_word'/>
</head>
<body>
  <div class='ocr_page' id='page_1' title='image "./intacitidialogu00widagoog/intacitidialogu00widagoog_0034.png"; bbox 0 0 2900 4678; ppageno 0'>
   <div class='ocr_carea' id='block_1_1' title="bbox 1320 295 1710 364">
    <p class='ocr_par' dir='ltr' id='par_1_1' title="bbox 1320 295 1710 364">
     <span class='ocr_line' id='line_1_1' title="bbox 1320 295 1710 364; baseline -0.008 -15"><span class='ocrx_word' id='word_1_1' title='bbox 1320 295 1710 364; x_wconf 70' lang='grc'><strong>...22-</strong></span> 
     </span>
    </p>
   </div>
   <div class='ocr_carea' id='block_1_2' title="bbox 494 415 2535 1982">
    <p class='ocr_par' dir='ltr' id='par_1_2' title="bbox 494 415 2520 612">
     <span class='ocr_line' id='line_1_2' title="bbox 494 415 2520 514; baseline -0 -24"><span class='ocrx_word' id='word_1_2' title='bbox 494 417 975 514; x_wconf 87' lang='lat' dir='ltr'><strong>eloquentiam.</strong></span> <span class='ocrx_word' id='word_1_3' title='bbox 1008 419 1267 511; x_wconf 80' lang='lat' dir='ltr'>Nempe</span> <span class='ocrx_word' id='word_1_4' title='bbox 1294 417 1426 487; x_wconf 89' lang='lat' dir='ltr'><strong>hoc</strong></span> <span class='ocrx_word' id='word_1_5' title='bbox 1462 417 1628 487; x_wconf 90' lang='lat' dir='ltr'><strong>vitio</strong></span> <span class='ocrx_word' id='word_1_6' title='bbox 1664 415 1987 512; x_wconf 83' lang='lat' dir='ltr'><strong>pleraque</strong></span> <span class='ocrx_word' id='word_1_7' title='bbox 2021 416 2235 488; x_wconf 79' lang='lat' dir='ltr'><strong>oetatis</strong></span> <span class='ocrx_word' id='word_1_8' title='bbox 2265 433 2520 489; x_wconf 76' lang='lat' dir='ltr'><strong>nostrae</strong></span> 
     </span>
     <span class='ocr_line' id='line_1_3' title="bbox 503 515 1079 612; baseline -0.005 -25"><span class='ocrx_word' id='word_1_9' title='bbox 503 542 710 612; x_wconf 88' lang='lat' dir='ltr'><strong>opera</strong></span> <span class='ocrx_word' id='word_1_10' title='bbox 742 515 1079 585; x_wconf 86' lang='lat' dir='ltr'><strong>laborant.</strong></span> 
     </span>
    </p>

    <p class='ocr_par' dir='ltr' id='par_1_3' title="bbox 501 612 2529 1294">
     <span class='ocr_line' id='line_1_4' title="bbox 597 612 2519 709; baseline 0.001 -25"><span class='ocrx_word' id='word_1_11' title='bbox 597 618 962 709; x_wconf 87' lang='lat' dir='ltr'><strong>Postquam</strong></span> <span class='ocrx_word' id='word_1_12' title='bbox 994 613 1087 683; x_wconf 92' lang='lat' dir='ltr'><strong>sic</strong></span> <span class='ocrx_word' id='word_1_13' title='bbox 1116 613 1453 683; x_wconf 83' lang='lat' dir='ltr'><strong>recensuit</strong></span> <span class='ocrx_word' id='word_1_14' title='bbox 1481 612 1729 707; x_wconf 91' lang='lat' dir='ltr'><strong>prioris</strong></span> <span class='ocrx_word' id='word_1_15' title='bbox 1762 614 1974 683; x_wconf 67' lang='lat' dir='ltr'><strong>aetatis</strong></span> <span class='ocrx_word' id='word_1_16' title='bbox 1989 612 2180 702; x_wconf 88' lang='lat' dir='ltr'><strong>vitia,</strong></span> <span class='ocrx_word' id='word_1_17' title='bbox 2201 629 2277 684; x_wconf 89' lang='lat' dir='ltr'><strong>ut</strong></span> <span class='ocrx_word' id='word_1_18' title='bbox 2295 630 2519 705; x_wconf 87' lang='lat' dir='ltr'><strong>vocat,</strong></span> 
     </span>
     <span class='ocr_line' id='line_1_5' title="bbox 503 710 2525 808; baseline -0 -24"><span class='ocrx_word' id='word_1_19' title='bbox 503 729 570 784; x_wconf 87' lang='lat' dir='ltr'><strong>et</strong></span> <span class='ocrx_word' id='word_1_20' title='bbox 623 739 771 808; x_wconf 81' lang='lat' dir='ltr'><strong>quae</strong></span> <span class='ocrx_word' id='word_1_21' title='bbox 827 710 1176 781; x_wconf 85' lang='lat' dir='ltr'><strong>delicatius</strong></span> <span class='ocrx_word' id='word_1_22' title='bbox 1222 736 1299 781; x_wconf 88' lang='lat' dir='ltr'><strong>ac</strong></span> <span class='ocrx_word' id='word_1_23' title='bbox 1345 711 1659 782; x_wconf 88' lang='lat' dir='ltr'><strong>subtilius</strong></span> <span class='ocrx_word' id='word_1_24' title='bbox 1706 712 2163 781; x_wconf 82' lang='lat' dir='ltr'><strong>recentiorum</strong></span> <span class='ocrx_word' id='word_1_25' title='bbox 2188 713 2525 807; x_wconf 88' lang='lat' dir='ltr'><strong>judicium</strong></span> 
     </span>
     <span class='ocr_line' id='line_1_6' title="bbox 501 809 2524 905; baseline -0 -23"><span class='ocrx_word' id='word_1_26' title='bbox 501 814 612 882; x_wconf 86' lang='lat' dir='ltr'><strong>vix</strong></span> <span class='ocrx_word' id='word_1_27' title='bbox 646 809 1008 898; x_wconf 84' lang='lat' dir='ltr'><strong>toleraret,</strong></span> <span class='ocrx_word' id='word_1_28' title='bbox 1063 811 1293 905; x_wconf 83' lang='lat' dir='ltr'><strong>paucis</strong></span> <span class='ocrx_word' id='word_1_29' title='bbox 1335 810 1558 879; x_wconf 90' lang='lat' dir='ltr'><strong>verbis</strong></span> <span class='ocrx_word' id='word_1_30' title='bbox 1604 812 1788 902; x_wconf 87' lang='lat' dir='ltr'><strong>Aper</strong></span> <span class='ocrx_word' id='word_1_31' title='bbox 1834 836 2027 881; x_wconf 84' lang='lat' dir='ltr'><strong>novae</strong></span> <span class='ocrx_word' id='word_1_32' title='bbox 2072 812 2237 880; x_wconf 85' lang='lat' dir='ltr'><strong>artis</strong></span> <span class='ocrx_word' id='word_1_33' title='bbox 2280 813 2524 895; x_wconf 81' lang='lat' dir='ltr'><strong>merita</strong></span> 
     </span>
     <span class='ocr_line' id='line_1_7' title="bbox 504 907 2529 1003; baseline 0 -25"><span class='ocrx_word' id='word_1_34' title='bbox 504 908 796 978; x_wconf 88' lang='lat' dir='ltr'><strong>delineat</strong></span> <span class='ocrx_word' id='word_1_35' title='bbox 849 923 915 976; x_wconf 94' lang='lat' dir='ltr'><strong>et</strong></span> <span class='ocrx_word' id='word_1_36' title='bbox 966 908 1210 1002; x_wconf 91' lang='lat' dir='ltr'><strong>quibus</strong></span> <span class='ocrx_word' id='word_1_37' title='bbox 1248 908 1623 977; x_wconf 88' lang='lat' dir='ltr'><strong>rationibus</strong></span> <span class='ocrx_word' id='word_1_38' title='bbox 1675 907 1930 979; x_wconf 83' lang='lat' dir='ltr'><strong>obtusae</strong></span> <span class='ocrx_word' id='word_1_39' title='bbox 1976 925 2229 978; x_wconf 88' lang='lat' dir='ltr'><strong>mentes</strong></span> <span class='ocrx_word' id='word_1_40' title='bbox 2264 911 2529 1003; x_wconf 86' lang='lat' dir='ltr'><strong>possint</strong></span> 
     </span>
     <span class='ocr_line' id='line_1_8' title="bbox 506 1005 2525 1101; baseline 0 -25"><span class='ocrx_word' id='word_1_41' title='bbox 506 1005 829 1077; x_wconf 91' lang='lat' dir='ltr'><strong>oblectari</strong></span> <span class='ocrx_word' id='word_1_42' title='bbox 864 1030 879 1073; x_wconf 76' lang='grc' dir='ltr'><em>τ</em></span> <span class='ocrx_word' id='word_1_43' title='bbox 911 1030 1153 1099; x_wconf 85' lang='lat' dir='ltr'><strong>nempe</strong></span> <span class='ocrx_word' id='word_1_44' title='bbox 1191 1030 1456 1075; x_wconf 91' lang='lat' dir='ltr'><strong>necesse</strong></span> <span class='ocrx_word' id='word_1_45' title='bbox 1487 1021 1586 1074; x_wconf 92' lang='lat' dir='ltr'><strong>est</strong></span> <span class='ocrx_word' id='word_1_46' title='bbox 1619 1006 1899 1075; x_wconf 88' lang='lat' dir='ltr'><strong>acrioris</strong></span> <span class='ocrx_word' id='word_1_47' title='bbox 1933 1006 2185 1100; x_wconf 92' lang='lat' dir='ltr'><strong>aliquid</strong></span> <span class='ocrx_word' id='word_1_48' title='bbox 2214 1023 2280 1074; x_wconf 92' lang='lat' dir='ltr'><strong>et</strong></span> <span class='ocrx_word' id='word_1_49' title='bbox 2314 1007 2525 1101; x_wconf 86' lang='lat' dir='ltr'><strong>magis</strong></span> 
     </span>
     <span class='ocr_line' id='line_1_9' title="bbox 501 1102 2527 1199; baseline 0 -26"><span class='ocrx_word' id='word_1_50' title='bbox 501 1104 755 1199; x_wconf 89' lang='lat' dir='ltr'><strong>depicti</strong></span> <span class='ocrx_word' id='word_1_51' title='bbox 792 1102 1065 1172; x_wconf 88' lang='lat' dir='ltr'><strong>accedat</strong></span> <span class='ocrx_word' id='word_1_52' title='bbox 1088 1155 1107 1191; x_wconf 99' lang='lat'><strong>,</strong></span> <span class='ocrx_word' id='word_1_53' title='bbox 1160 1128 1427 1173; x_wconf 89' lang='lat' dir='ltr'><strong>necesse</strong></span> <span class='ocrx_word' id='word_1_54' title='bbox 1461 1118 1560 1173; x_wconf 91' lang='lat' dir='ltr'><strong>est</strong></span> <span class='ocrx_word' id='word_1_55' title='bbox 1596 1104 1780 1172; x_wconf 89' lang='lat' dir='ltr'><strong>omni</strong></span> <span class='ocrx_word' id='word_1_56' title='bbox 1813 1104 2018 1173; x_wconf 90' lang='lat' dir='ltr'><strong>modo</strong></span> <span class='ocrx_word' id='word_1_57' title='bbox 2071 1103 2527 1199; x_wconf 87' lang='lat' dir='ltr'><strong>percellantur</strong></span> 
     </span>
     <span class='ocr_line' id='line_1_10' title="bbox 505 1202 1275 1294; baseline -0.004 -22"><span class='ocrx_word' id='word_1_58' title='bbox 505 1202 863 1272; x_wconf 87' lang='lat' dir='ltr'><strong>hominum</strong></span> <span class='ocrx_word' id='word_1_59' title='bbox 924 1202 1194 1294; x_wconf 84' lang='lat' dir='ltr'><strong>ingenia</strong></span> <span class='ocrx_word' id='word_1_60' title='bbox 1230 1205 1275 1269; x_wconf 85' lang='lat'><strong>¹.</strong></span> 
     </span>
    </p>

    <p class='ocr_par' dir='ltr' id='par_1_4' title="bbox 502 1297 2535 1982">
     <span class='ocr_line' id='line_1_11' title="bbox 600 1297 2520 1392; baseline 0.001 -24"><span class='ocrx_word' id='word_1_61' title='bbox 600 1299 799 1368; x_wconf 88' lang='lat' dir='ltr'><strong>Nuda</strong></span> <span class='ocrx_word' id='word_1_62' title='bbox 833 1315 978 1367; x_wconf 83' lang='lat' dir='ltr'><strong>erat</strong></span> <span class='ocrx_word' id='word_1_63' title='bbox 1013 1300 1338 1367; x_wconf 89' lang='lat' dir='ltr'><strong>hactenus</strong></span> <span class='ocrx_word' id='word_1_64' title='bbox 1371 1299 1631 1385; x_wconf 87' lang='lat' dir='ltr'><strong>oratio;</strong></span> <span class='ocrx_word' id='word_1_65' title='bbox 1680 1297 2138 1392; x_wconf 85' lang='lat' dir='ltr'><strong>distinguatur</strong></span> <span class='ocrx_word' id='word_1_66' title='bbox 2179 1324 2363 1377; x_wconf 49' lang='lat' dir='ltr'><strong>¹nunc</strong></span> <span class='ocrx_word' id='word_1_67' title='bbox 2398 1300 2520 1369; x_wconf 90' lang='lat' dir='ltr'><strong>de-</strong></span> 
     </span>
     <span class='ocr_line' id='line_1_12' title="bbox 503 1396 2519 1492; baseline -0.001 -24"><span class='ocrx_word' id='word_1_68' title='bbox 503 1396 984 1490; x_wconf 88' lang='lat' dir='ltr'><strong>scriptionibus</strong></span> <span class='ocrx_word' id='word_1_69' title='bbox 1035 1412 1346 1489; x_wconf 85' lang='lat' dir='ltr'><strong>oportet,</strong></span> <span class='ocrx_word' id='word_1_70' title='bbox 1408 1412 1486 1465; x_wconf 86' lang='lat' dir='ltr'><strong>ut</strong></span> <span class='ocrx_word' id='word_1_71' title='bbox 1542 1396 1731 1466; x_wconf 88' lang='lat' dir='ltr'><strong>venis</strong></span> <span class='ocrx_word' id='word_1_72' title='bbox 1779 1399 1912 1466; x_wconf 90' lang='lat' dir='ltr'><strong>tori</strong></span> <span class='ocrx_word' id='word_1_73' title='bbox 1967 1397 2519 1492; x_wconf 86' lang='lat' dir='ltr'><strong>distinguuntur,</strong></span> 
     </span>
     <span class='ocr_line' id='line_1_13' title="bbox 502 1493 2519 1592; baseline 0 -27"><span class='ocrx_word' id='word_1_74' title='bbox 502 1521 653 1590; x_wconf 81' lang='lat' dir='ltr'><strong>quae</strong></span> <span class='ocrx_word' id='word_1_75' title='bbox 683 1495 979 1564; x_wconf 88' lang='lat' dir='ltr'><strong>novitate</strong></span> <span class='ocrx_word' id='word_1_76' title='bbox 1002 1518 1118 1563; x_wconf 88' lang='lat' dir='ltr'><strong>sua</strong></span> <span class='ocrx_word' id='word_1_77' title='bbox 1145 1509 1213 1564; x_wconf 91' lang='lat' dir='ltr'><strong>et</strong></span> <span class='ocrx_word' id='word_1_78' title='bbox 1233 1493 1559 1563; x_wconf 88' lang='lat' dir='ltr'><strong>varietate</strong></span> <span class='ocrx_word' id='word_1_79' title='bbox 1592 1494 1939 1565; x_wconf 88' lang='lat' dir='ltr'><strong>detineant</strong></span> <span class='ocrx_word' id='word_1_80' title='bbox 1967 1494 2311 1592; x_wconf 66' lang='lat' dir='ltr'><strong>animuml,</strong></span> <span class='ocrx_word' id='word_1_81' title='bbox 2354 1496 2519 1585; x_wconf 92' lang='lat' dir='ltr'><strong>im0,</strong></span> 
     </span>
     <span class='ocr_line' id='line_1_14' title="bbox 506 1591 2526 1688; baseline 0 -26"><span class='ocrx_word' id='word_1_82' title='bbox 506 1618 656 1688; x_wconf 82' lang='lat' dir='ltr'><strong>quae</strong></span> <span class='ocrx_word' id='word_1_83' title='bbox 684 1617 765 1660; x_wconf 86' lang='lat' dir='ltr'><strong>ex</strong></span> <span class='ocrx_word' id='word_1_84' title='bbox 797 1593 1020 1686; x_wconf 86' lang='lat' dir='ltr'><strong>operis</strong></span> <span class='ocrx_word' id='word_1_85' title='bbox 1072 1617 1331 1674; x_wconf 85' lang='lat' dir='ltr'><strong>summa</strong></span> <span class='ocrx_word' id='word_1_86' title='bbox 1357 1594 1619 1686; x_wconf 90' lang='lat' dir='ltr'><strong>possint</strong></span> <span class='ocrx_word' id='word_1_87' title='bbox 1658 1591 1850 1662; x_wconf 84' lang='lat' dir='ltr'><strong>facile</strong></span> <span class='ocrx_word' id='word_1_88' title='bbox 1893 1594 2185 1688; x_wconf 88' lang='lat' dir='ltr'><strong>excerpi.</strong></span> <span class='ocrx_word' id='word_1_89' title='bbox 2232 1595 2353 1662; x_wconf 88' lang='lat' dir='ltr'><strong>Ille</strong></span> <span class='ocrx_word' id='word_1_90' title='bbox 2386 1594 2526 1662; x_wconf 91' lang='lat' dir='ltr'><strong>ho-</strong></span> 
     </span>
     <span class='ocr_line' id='line_1_15' title="bbox 509 1691 2531 1787; baseline 0 -27"><span class='ocrx_word' id='word_1_91' title='bbox 509 1691 764 1760; x_wconf 91' lang='lat' dir='ltr'><strong>diernis</strong></span> <span class='ocrx_word' id='word_1_92' title='bbox 815 1714 1085 1785; x_wconf 92' lang='lat' dir='ltr'><strong>quoque</strong></span> <span class='ocrx_word' id='word_1_93' title='bbox 1137 1692 1558 1784; x_wconf 86' lang='lat' dir='ltr'><strong>temporibus</strong></span> <span class='ocrx_word' id='word_1_94' title='bbox 1599 1691 1832 1760; x_wconf 86' lang='lat' dir='ltr'><strong>floruit</strong></span> <span class='ocrx_word' id='word_1_95' title='bbox 1881 1691 2413 1787; x_wconf 89' lang='lat' dir='ltr'><strong>descriptionum</strong></span> <span class='ocrx_word' id='word_1_96' title='bbox 2460 1707 2531 1760; x_wconf 92' lang='lat' dir='ltr'><strong>et</strong></span> 
     </span>
     <span class='ocr_line' id='line_1_16' title="bbox 511 1786 2533 1885; baseline -0 -27"><span class='ocrx_word' id='word_1_97' title='bbox 511 1789 703 1883; x_wconf 87' lang='lat' dir='ltr'><strong>quasi</strong></span> <span class='ocrx_word' id='word_1_98' title='bbox 746 1789 1160 1881; x_wconf 88' lang='lat' dir='ltr'><strong>picturarum</strong></span> <span class='ocrx_word' id='word_1_99' title='bbox 1197 1813 1389 1857; x_wconf 84' lang='lat' dir='ltr'><strong>amor</strong></span> <span class='ocrx_word' id='word_1_100' title='bbox 1411 1842 1429 1877; x_wconf 96' lang='lat'><strong>,</strong></span> <span class='ocrx_word' id='word_1_101' title='bbox 1480 1789 1575 1868; x_wconf 86' lang='lat' dir='ltr'><strong>ita</strong></span> <span class='ocrx_word' id='word_1_102' title='bbox 1607 1804 1684 1858; x_wconf 91' lang='lat' dir='ltr'><strong>ut</strong></span> <span class='ocrx_word' id='word_1_103' title='bbox 1720 1786 1899 1884; x_wconf 91' lang='lat' dir='ltr'><strong>apud</strong></span> <span class='ocrx_word' id='word_1_104' title='bbox 1935 1815 2061 1860; x_wconf 92' lang='lat' dir='ltr'><strong>nos</strong></span> <span class='ocrx_word' id='word_1_105' title='bbox 2094 1790 2533 1885; x_wconf 89' lang='lat' dir='ltr'><strong>quemadmo-</strong></span> 
     </span>
     <span class='ocr_line' id='line_1_17' title="bbox 507 1884 2535 1982; baseline 0.001 -27"><span class='ocrx_word' id='word_1_106' title='bbox 507 1887 673 1957; x_wconf 91' lang='lat' dir='ltr'><strong>dum</strong></span> <span class='ocrx_word' id='word_1_107' title='bbox 706 1884 870 1959; x_wconf 91' lang='lat' dir='ltr'><strong>olim</strong></span> <span class='ocrx_word' id='word_1_108' title='bbox 895 1886 1076 1982; x_wconf 87' lang='lat' dir='ltr'><strong>apud</strong></span> <span class='ocrx_word' id='word_1_109' title='bbox 1105 1890 1454 1959; x_wconf 89' lang='lat' dir='ltr'><strong>Romanos</strong></span> <span class='ocrx_word' id='word_1_110' title='bbox 1478 1887 1823 1958; x_wconf 86' lang='lat' dir='ltr'><strong>videretur</strong></span> <span class='ocrx_word' id='word_1_111' title='bbox 1853 1888 1937 1958; x_wconf 90' lang='lat' dir='ltr'><strong>ad</strong></span> <span class='ocrx_word' id='word_1_112' title='bbox 1964 1890 2264 1960; x_wconf 80' lang='lat' dir='ltr'><strong>incertos</strong></span> <span class='ocrx_word' id='word_1_113' title='bbox 2290 1886 2535 1959; x_wconf 78' lang='lat' dir='ltr'><strong>oculos</strong></span> 
     </span>
    </p>
   </div>
   <div class='ocr_carea' id='block_1_3' title="bbox 512 1985 1746 2162">
    <p class='ocr_par' dir='ltr' id='par_1_5' title="bbox 512 1985 1746 2162">
     <span class='ocr_line' id='line_1_18' title="bbox 512 1985 830 2080; baseline 0.003 -26"><span class='ocrx_word' id='word_1_114' title='bbox 512 1985 830 2080; x_wconf 87' lang='lat' dir='ltr'><strong>migrasse</strong></span> 
     </span>
     <span class='ocr_line' id='line_1_19' title="bbox 1147 2080 1746 2162; baseline -0.003 -19.394"><span class='ocrx_word' id='word_1_115' title='bbox 1147 2080 1223 2141; x_wconf 85' lang='lat' dir='ltr'><strong>ab</strong></span> <span class='ocrx_word' id='word_1_116' title='bbox 1248 2101 1389 2144; x_wconf 89' lang='lat' dir='ltr'><strong>aure</strong></span> <span class='ocrx_word' id='word_1_117' title='bbox 1416 2082 1684 2162; x_wconf 83' lang='lat' dir='ltr'><strong>voluptas</strong></span> <span class='ocrx_word' id='word_1_118' title='bbox 1701 2082 1746 2153; x_wconf 81' lang='lat'><strong>²,</strong></span> 
     </span>
    </p>
   </div>
   <div class='ocr_carea' id='block_1_4' title="bbox 481 2279 2538 3160">
    <p class='ocr_par' dir='ltr' id='par_1_6' title="bbox 509 2279 2538 2840">
     <span class='ocr_line' id='line_1_20' title="bbox 514 2279 2535 2375; baseline 0 -27"><span class='ocrx_word' id='word_1_119' title='bbox 514 2280 610 2349; x_wconf 90' lang='lat' dir='ltr'><strong>ita</strong></span> <span class='ocrx_word' id='word_1_120' title='bbox 642 2294 720 2351; x_wconf 89' lang='lat' dir='ltr'><strong>ut</strong></span> <span class='ocrx_word' id='word_1_121' title='bbox 752 2281 1065 2352; x_wconf 88' lang='lat' dir='ltr'><strong>intimum</strong></span> <span class='ocrx_word' id='word_1_122' title='bbox 1110 2280 1377 2375; x_wconf 86' lang='lat' dir='ltr'><strong>pulchri</strong></span> <span class='ocrx_word' id='word_1_123' title='bbox 1424 2302 1693 2350; x_wconf 90' lang='lat' dir='ltr'><strong>sensum</strong></span> <span class='ocrx_word' id='word_1_124' title='bbox 1739 2279 1929 2374; x_wconf 87' lang='lat' dir='ltr'><strong>quasi</strong></span> <span class='ocrx_word' id='word_1_125' title='bbox 1973 2280 2374 2350; x_wconf 86' lang='lat' dir='ltr'><strong>exstinctum</strong></span> <span class='ocrx_word' id='word_1_126' title='bbox 2420 2303 2535 2349; x_wconf 87' lang='lat' dir='ltr'><strong>ex·-</strong></span> 
     </span>
     <span class='ocr_line' id='line_1_21' title="bbox 509 2379 2531 2474; baseline 0 -27"><span class='ocrx_word' id='word_1_127' title='bbox 509 2380 764 2472; x_wconf 89' lang='lat' dir='ltr'><strong>ceperit</strong></span> <span class='ocrx_word' id='word_1_128' title='bbox 812 2380 1228 2450; x_wconf 88' lang='lat' dir='ltr'><strong>incredibilis</strong></span> <span class='ocrx_word' id='word_1_129' title='bbox 1272 2379 1581 2474; x_wconf 82' lang='lat' dir='ltr'><strong>quaedam</strong></span> <span class='ocrx_word' id='word_1_130' title='bbox 1614 2394 2041 2448; x_wconf 87' lang='lat' dir='ltr'><strong>externarum</strong></span> <span class='ocrx_word' id='word_1_131' title='bbox 2077 2403 2303 2448; x_wconf 91' lang='lat' dir='ltr'><strong>rerum</strong></span> <span class='ocrx_word' id='word_1_132' title='bbox 2340 2404 2531 2448; x_wconf 88' lang='lat' dir='ltr'><strong>reve-</strong></span> 
     </span>
     <span class='ocr_line' id='line_1_22' title="bbox 515 2476 2538 2571; baseline -0.001 -26"><span class='ocrx_word' id='word_1_133' title='bbox 515 2478 733 2545; x_wconf 85' lang='lat' dir='ltr'><strong>rentia</strong></span> <span class='ocrx_word' id='word_1_134' title='bbox 756 2480 800 2547; x_wconf 78' lang='lat'><strong>⁸.</strong></span> <span class='ocrx_word' id='word_1_135' title='bbox 842 2481 978 2546; x_wconf 92' lang='lat' dir='ltr'><strong>Pro</strong></span> <span class='ocrx_word' id='word_1_136' title='bbox 1002 2479 1226 2548; x_wconf 87' lang='lat' dir='ltr'><strong>vivide</strong></span> <span class='ocrx_word' id='word_1_137' title='bbox 1257 2492 1325 2545; x_wconf 91' lang='lat' dir='ltr'><strong>et</strong></span> <span class='ocrx_word' id='word_1_138' title='bbox 1348 2492 1585 2571; x_wconf 88' lang='lat' dir='ltr'><strong>argute</strong></span> <span class='ocrx_word' id='word_1_139' title='bbox 1612 2477 1936 2570; x_wconf 89' lang='lat' dir='ltr'><strong>expressis</strong></span> <span class='ocrx_word' id='word_1_140' title='bbox 1964 2476 2316 2546; x_wconf 85' lang='lat' dir='ltr'><strong>affectibus</strong></span> <span class='ocrx_word' id='word_1_141' title='bbox 2350 2477 2538 2571; x_wconf 86' lang='lat' dir='ltr'><strong>frigi-</strong></span> 
     </span>
     <span class='ocr_line' id='line_1_23' title="bbox 517 2573 2534 2668; baseline 0.001 -27"><span class='ocrx_word' id='word_1_142' title='bbox 517 2574 673 2642; x_wconf 90' lang='lat' dir='ltr'><strong>dam</strong></span> <span class='ocrx_word' id='word_1_143' title='bbox 718 2590 785 2644; x_wconf 93' lang='lat' dir='ltr'><strong>et</strong></span> <span class='ocrx_word' id='word_1_144' title='bbox 830 2577 1157 2645; x_wconf 88' lang='lat' dir='ltr'><strong>tumidam</strong></span> <span class='ocrx_word' id='word_1_145' title='bbox 1200 2573 1474 2668; x_wconf 90' lang='lat' dir='ltr'><strong>templi,</strong></span> <span class='ocrx_word' id='word_1_146' title='bbox 1527 2588 1643 2642; x_wconf 90' lang='lat' dir='ltr'><strong>aut</strong></span> <span class='ocrx_word' id='word_1_147' title='bbox 1685 2575 1981 2643; x_wconf 84' lang='lat' dir='ltr'><strong>fluminis</strong></span> <span class='ocrx_word' id='word_1_148' title='bbox 2024 2589 2138 2643; x_wconf 86' lang='lat' dir='ltr'><strong>aut</strong></span> <span class='ocrx_word' id='word_1_149' title='bbox 2178 2574 2356 2643; x_wconf 80' lang='lat' dir='ltr'><strong>silvae</strong></span> <span class='ocrx_word' id='word_1_150' title='bbox 2402 2575 2534 2643; x_wconf 87' lang='lat' dir='ltr'><strong>de-</strong></span> 
     </span>
     <span class='ocr_line' id='line_1_24' title="bbox 516 2671 2528 2767; baseline -0 -26"><span class='ocrx_word' id='word_1_151' title='bbox 516 2673 954 2767; x_wconf 85' lang='lat' dir='ltr'><strong>scriptionem</strong></span> <span class='ocrx_word' id='word_1_152' title='bbox 973 2674 1388 2767; x_wconf 86' lang='lat' dir='ltr'><strong>reperiebas;</strong></span> <span class='ocrx_word' id='word_1_153' title='bbox 1415 2671 1653 2742; x_wconf 88' lang='lat' dir='ltr'><strong>eodem</strong></span> <span class='ocrx_word' id='word_1_154' title='bbox 1667 2672 2156 2767; x_wconf 87' lang='lat' dir='ltr'><strong>viti0,Trajano</strong></span> <span class='ocrx_word' id='word_1_155' title='bbox 2177 2687 2528 2767; x_wconf 89' lang='lat' dir='ltr'><strong>regnante,</strong></span> 
     </span>
     <span class='ocr_line' id='line_1_25' title="bbox 516 2767 1711 2840; baseline 0.002 -4"><span class='ocrx_word' id='word_1_156' title='bbox 516 2767 758 2840; x_wconf 85' lang='lat' dir='ltr'><strong>litterae</strong></span> <span class='ocrx_word' id='word_1_157' title='bbox 795 2797 1090 2840; x_wconf 83' lang='lat' dir='ltr'><strong>romanae</strong></span> <span class='ocrx_word' id='word_1_158' title='bbox 1125 2770 1711 2839; x_wconf 69' lang='lat' dir='ltr'><strong>deformabantur.</strong></span> 
     </span>
    </p>

    <p class='ocr_par' dir='ltr' id='par_1_7' title="bbox 481 2866 2535 3160">
     <span class='ocr_line' id='line_1_26' title="bbox 610 2866 2530 2963; baseline 0 -27"><span class='ocrx_word' id='word_1_159' title='bbox 610 2868 913 2938; x_wconf 89' lang='lat' dir='ltr'><strong>Postulat</strong></span> <span class='ocrx_word' id='word_1_160' title='bbox 947 2893 1217 2963; x_wconf 91' lang='lat' dir='ltr'><strong>quoque</strong></span> <span class='ocrx_word' id='word_1_161' title='bbox 1256 2866 1513 2937; x_wconf 89' lang='lat' dir='ltr'><strong>lumina</strong></span> <span class='ocrx_word' id='word_1_162' title='bbox 1546 2867 1656 2957; x_wconf 79' lang='lat' dir='ltr'><strong>illa</strong></span> <span class='ocrx_word' id='word_1_163' title='bbox 1694 2869 2018 2938; x_wconf 84' lang='lat' dir='ltr'><strong>orationis</strong></span> <span class='ocrx_word' id='word_1_164' title='bbox 2051 2868 2296 2961; x_wconf 89' lang='lat' dir='ltr'><strong>quibus</strong></span> <span class='ocrx_word' id='word_1_165' title='bbox 2328 2868 2530 2936; x_wconf 92' lang='lat' dir='ltr'><strong>turba</strong></span> 
     </span>
     <span class='ocr_line' id='line_1_27' title="bbox 481 2964 2530 3060; baseline -0.001 -25"><span class='ocrx_word' id='word_1_166' title='bbox 481 2966 953 3060; x_wconf 81' lang='lat' dir='ltr'><strong>percellatur,</strong></span> <span class='ocrx_word' id='word_1_167' title='bbox 1026 2991 1175 3060; x_wconf 82' lang='lat' dir='ltr'><strong>quae</strong></span> <span class='ocrx_word' id='word_1_168' title='bbox 1243 2966 1495 3034; x_wconf 90' lang='lat' dir='ltr'><strong>referre</strong></span> <span class='ocrx_word' id='word_1_169' title='bbox 1569 2965 1753 3034; x_wconf 91' lang='lat' dir='ltr'><strong>domi</strong></span> <span class='ocrx_word' id='word_1_170' title='bbox 1811 2982 1880 3035; x_wconf 93' lang='lat' dir='ltr'><strong>et</strong></span> <span class='ocrx_word' id='word_1_171' title='bbox 1945 2964 2216 3035; x_wconf 80' lang='lat' dir='ltr'><strong>laudare</strong></span> <span class='ocrx_word' id='word_1_172' title='bbox 2278 2967 2530 3059; x_wconf 81' lang='lat' dir='ltr'><strong>possit3</strong></span> 
     </span>
     <span class='ocr_line' id='line_1_28' title="bbox 515 3061 2535 3160; baseline -0.001 -28"><span class='ocrx_word' id='word_1_173' title='bbox 515 3064 810 3159; x_wconf 90' lang='lat' dir='ltr'><strong>postulat</strong></span> <span class='ocrx_word' id='word_1_174' title='bbox 883 3061 1318 3133; x_wconf 87' lang='lat' dir='ltr'><strong>sententiolas</strong></span> <span class='ocrx_word' id='word_1_175' title='bbox 1382 3061 1526 3133; x_wconf 91' lang='lat' dir='ltr'><strong>illas</strong></span> <span class='ocrx_word' id='word_1_176' title='bbox 1596 3087 1745 3159; x_wconf 79' lang='lat' dir='ltr'><strong>quae</strong></span> <span class='ocrx_word' id='word_1_177' title='bbox 1815 3066 2125 3160; x_wconf 83' lang='lat' dir='ltr'><strong>acumine</strong></span> <span class='ocrx_word' id='word_1_178' title='bbox 2196 3088 2318 3133; x_wconf 90' lang='lat' dir='ltr'><strong>suo</strong></span> <span class='ocrx_word' id='word_1_179' title='bbox 2386 3063 2535 3131; x_wconf 89' lang='lat' dir='ltr'><strong>ani-</strong></span> 
     </span>
    </p>
   </div>
   <div class='ocr_carea' id='block_1_5' title="bbox 507 3283 2544 4140">
    <p class='ocr_par' dir='ltr' id='par_1_8' title="bbox 507 3283 2544 3782">
     <span class='ocr_line' id='line_1_29' title="bbox 587 3283 2544 3357; baseline -0.003 -18"><span class='ocrx_word' id='word_1_180' title='bbox 587 3286 603 3313; x_wconf 83' lang='lat'>¹</span> <span class='ocrx_word' id='word_1_181' title='bbox 613 3306 640 3339; x_wconf 87' lang='lat'>«</span> <span class='ocrx_word' id='word_1_182' title='bbox 652 3287 720 3338; x_wconf 88' lang='lat' dir='ltr'><strong>At</strong></span> <span class='ocrx_word' id='word_1_183' title='bbox 728 3283 952 3339; x_wconf 87' lang='lat' dir='ltr'><strong>Hercule</strong></span> <span class='ocrx_word' id='word_1_184' title='bbox 958 3286 1274 3357; x_wconf 81' lang='lat' dir='ltr'><strong>pervulgatis</strong></span> <span class='ocrx_word' id='word_1_185' title='bbox 1284 3286 1393 3357; x_wconf 84' lang='lat' dir='ltr'><strong>jam</strong></span> <span class='ocrx_word' id='word_1_186' title='bbox 1407 3285 1654 3338; x_wconf 87' lang='lat' dir='ltr'><strong>omnibus</strong></span> <span class='ocrx_word' id='word_1_187' title='bbox 1662 3324 1674 3336; x_wconf 90' lang='lat'><strong>.</strong></span> <span class='ocrx_word' id='word_1_188' title='bbox 1686 3327 1697 3340; x_wconf 90' lang='lat'><strong>.</strong></span> <span class='ocrx_word' id='word_1_189' title='bbox 1707 3326 1720 3340; x_wconf 91' lang='lat'><strong>.</strong></span> <span class='ocrx_word' id='word_1_190' title='bbox 1734 3283 1885 3337; x_wconf 80' lang='lat' dir='ltr'><strong>novis</strong></span> <span class='ocrx_word' id='word_1_191' title='bbox 1894 3296 1944 3336; x_wconf 89' lang='lat' dir='ltr'><strong>et</strong></span> <span class='ocrx_word' id='word_1_192' title='bbox 1954 3283 2217 3354; x_wconf 85' lang='lat' dir='ltr'><strong>exquisitis</strong></span> <span class='ocrx_word' id='word_1_193' title='bbox 2228 3283 2544 3352; x_wconf 64' lang='lat' dir='ltr'><strong>eloquentius</strong></span> 
     </span>
     <span class='ocr_line' id='line_1_30' title="bbox 512 3355 2536 3430; baseline -0.001 -23"><span class='ocrx_word' id='word_1_194' title='bbox 512 3355 788 3409; x_wconf 84' lang='lat' dir='ltr'><strong>itineribus</strong></span> <span class='ocrx_word' id='word_1_195' title='bbox 802 3376 936 3428; x_wconf 91' lang='lat' dir='ltr'><strong>opus</strong></span> <span class='ocrx_word' id='word_1_196' title='bbox 947 3373 1020 3411; x_wconf 88' lang='lat' dir='ltr'><strong>est</strong></span> <span class='ocrx_word' id='word_1_197' title='bbox 1035 3378 1132 3430; x_wconf 90' lang='lat' dir='ltr'><strong>per</strong></span> <span class='ocrx_word' id='word_1_198' title='bbox 1145 3378 1258 3427; x_wconf 83' lang='lat' dir='ltr'><strong>quoe</strong></span> <span class='ocrx_word' id='word_1_199' title='bbox 1274 3371 1452 3411; x_wconf 87' lang='lat' dir='ltr'><strong>orator</strong></span> <span class='ocrx_word' id='word_1_200' title='bbox 1472 3357 1737 3410; x_wconf 86' lang='lat' dir='ltr'><strong>fastidium</strong></span> <span class='ocrx_word' id='word_1_201' title='bbox 1759 3355 1966 3412; x_wconf 86' lang='lat' dir='ltr'><strong>aurium</strong></span> <span class='ocrx_word' id='word_1_202' title='bbox 1979 3356 2252 3425; x_wconf 84' lang='lat' dir='ltr'><strong>effugiat.»</strong></span> <span class='ocrx_word' id='word_1_203' title='bbox 2272 3356 2334 3409; x_wconf 91' lang='lat' dir='ltr'><strong>C.</strong></span> <span class='ocrx_word' id='word_1_204' title='bbox 2346 3372 2536 3406; x_wconf 77' lang='lat' dir='ltr'><strong>xxx.—</strong></span> 
     </span>
     <span class='ocr_line' id='line_1_31' title="bbox 517 3424 2535 3501; baseline -0.001 -24"><span class='ocrx_word' id='word_1_205' title='bbox 517 3449 541 3477; x_wconf 72' lang='grc' dir='ltr'>ι</span> <span class='ocrx_word' id='word_1_206' title='bbox 562 3424 672 3481; x_wconf 83' lang='lat' dir='ltr'><strong>Nisi</strong></span> <span class='ocrx_word' id='word_1_207' title='bbox 693 3427 884 3501; x_wconf 87' lang='lat' dir='ltr'><strong>(judex)</strong></span> <span class='ocrx_word' id='word_1_208' title='bbox 899 3444 989 3484; x_wconf 88' lang='lat' dir='ltr'><strong>aut</strong></span> <span class='ocrx_word' id='word_1_209' title='bbox 1004 3432 1184 3483; x_wconf 86' lang='lat' dir='ltr'><strong>colore</strong></span> <span class='ocrx_word' id='word_1_210' title='bbox 1200 3430 1595 3492; x_wconf 82' lang='lat' dir='ltr'><strong>sententiarum,</strong></span> <span class='ocrx_word' id='word_1_211' title='bbox 1613 3440 1701 3480; x_wconf 88' lang='lat' dir='ltr'><strong>aut</strong></span> <span class='ocrx_word' id='word_1_212' title='bbox 1712 3427 1884 3478; x_wconf 87' lang='lat' dir='ltr'><strong>nitore</strong></span> <span class='ocrx_word' id='word_1_213' title='bbox 1897 3440 1948 3479; x_wconf 92' lang='lat' dir='ltr'><strong>et</strong></span> <span class='ocrx_word' id='word_1_214' title='bbox 1964 3429 2106 3479; x_wconf 87' lang='lat' dir='ltr'><strong>cultu</strong></span> <span class='ocrx_word' id='word_1_215' title='bbox 2122 3425 2535 3496; x_wconf 88' lang='lat' dir='ltr'><strong>descriptionum</strong></span> 
     </span>
     <span class='ocr_line' id='line_1_32' title="bbox 512 3498 2530 3571; baseline -0.001 -21"><span class='ocrx_word' id='word_1_216' title='bbox 512 3499 760 3551; x_wconf 89' lang='lat' dir='ltr'><strong>invitatus</strong></span> <span class='ocrx_word' id='word_1_217' title='bbox 782 3513 832 3552; x_wconf 90' lang='lat' dir='ltr'><strong>et</strong></span> <span class='ocrx_word' id='word_1_218' title='bbox 856 3515 1137 3571; x_wconf 85' lang='lat' dir='ltr'><strong>corruptus</strong></span> <span class='ocrx_word' id='word_1_219' title='bbox 1159 3514 1253 3564; x_wconf 91' lang='lat' dir='ltr'><strong>est,</strong></span> <span class='ocrx_word' id='word_1_220' title='bbox 1280 3512 1549 3552; x_wconf 89' lang='lat' dir='ltr'><strong>aversatur</strong></span> <span class='ocrx_word' id='word_1_221' title='bbox 1568 3498 1921 3552; x_wconf 89' lang='lat' dir='ltr'><strong>dicentem....</strong></span> <span class='ocrx_word' id='word_1_222' title='bbox 1940 3500 1972 3549; x_wconf 90' lang='lat' dir='ltr'><strong>J</strong></span> <span class='ocrx_word' id='word_1_223' title='bbox 1975 3517 2060 3549; x_wconf 87' lang='lat' dir='ltr'><strong>am</strong></span> <span class='ocrx_word' id='word_1_224' title='bbox 2075 3516 2200 3550; x_wconf 90' lang='lat' dir='ltr'><strong>vero</strong></span> <span class='ocrx_word' id='word_1_225' title='bbox 2220 3500 2456 3568; x_wconf 87' lang='lat' dir='ltr'><strong>juvenes.</strong></span> <span class='ocrx_word' id='word_1_226' title='bbox 2470 3535 2480 3546; x_wconf 91' lang='lat'><strong>.</strong></span> <span class='ocrx_word' id='word_1_227' title='bbox 2494 3535 2530 3547; x_wconf 89' lang='lat'><strong>..</strong></span> 
     </span>
     <span class='ocr_line' id='line_1_33' title="bbox 508 3566 2534 3641; baseline -0.001 -20"><span class='ocrx_word' id='word_1_228' title='bbox 508 3571 700 3623; x_wconf 77' lang='lat' dir='ltr'><strong>reserre</strong></span> <span class='ocrx_word' id='word_1_229' title='bbox 728 3571 949 3624; x_wconf 87' lang='lat' dir='ltr'><strong>domum</strong></span> <span class='ocrx_word' id='word_1_230' title='bbox 972 3571 1172 3641; x_wconf 86' lang='lat' dir='ltr'><strong>aliquid</strong></span> <span class='ocrx_word' id='word_1_231' title='bbox 1195 3571 1391 3622; x_wconf 85' lang='lat' dir='ltr'><strong>illustre</strong></span> <span class='ocrx_word' id='word_1_232' title='bbox 1416 3585 1468 3622; x_wconf 90' lang='lat' dir='ltr'><strong>et</strong></span> <span class='ocrx_word' id='word_1_233' title='bbox 1489 3570 1710 3639; x_wconf 88' lang='lat' dir='ltr'><strong>dignum</strong></span> <span class='ocrx_word' id='word_1_234' title='bbox 1732 3569 1997 3621; x_wconf 81' lang='lat' dir='ltr'><strong>memoriae</strong></span> <span class='ocrx_word' id='word_1_235' title='bbox 2012 3571 2199 3622; x_wconf 83' lang='lat' dir='ltr'><strong>volunt</strong></span> <span class='ocrx_word' id='word_1_236' title='bbox 2216 3566 2534 3635; x_wconf 86' lang='lat' dir='ltr'><strong>traduntque</strong></span> 
     </span>
     <span class='ocr_line' id='line_1_34' title="bbox 507 3639 2533 3712; baseline -0.002 -19"><span class='ocrx_word' id='word_1_237' title='bbox 507 3642 736 3695; x_wconf 85' lang='lat' dir='ltr'><strong>invicem</strong></span> <span class='ocrx_word' id='word_1_238' title='bbox 758 3645 865 3696; x_wconf 90' lang='lat' dir='ltr'><strong>sive</strong></span> <span class='ocrx_word' id='word_1_239' title='bbox 888 3662 1066 3696; x_wconf 83' lang='lat' dir='ltr'><strong>sensus</strong></span> <span class='ocrx_word' id='word_1_240' title='bbox 1085 3643 1269 3712; x_wconf 86' lang='lat' dir='ltr'><strong>aliquis</strong></span> <span class='ocrx_word' id='word_1_241' title='bbox 1291 3655 1476 3711; x_wconf 86' lang='lat' dir='ltr'><strong>arguta</strong></span> <span class='ocrx_word' id='word_1_242' title='bbox 1498 3655 1549 3694; x_wconf 91' lang='lat' dir='ltr'><strong>et</strong></span> <span class='ocrx_word' id='word_1_243' title='bbox 1563 3642 1711 3694; x_wconf 87' lang='lat' dir='ltr'><strong>brevi</strong></span> <span class='ocrx_word' id='word_1_244' title='bbox 1734 3641 1991 3700; x_wconf 63' lang='lat' dir='ltr'><strong>sententia</strong></span> <span class='ocrx_word' id='word_1_245' title='bbox 2015 3641 2231 3707; x_wconf 82' lang='lat' dir='ltr'><strong>effulsit,</strong></span> <span class='ocrx_word' id='word_1_246' title='bbox 2257 3639 2363 3692; x_wconf 88' lang='lat' dir='ltr'><strong>sive</strong></span> <span class='ocrx_word' id='word_1_247' title='bbox 2384 3639 2533 3690; x_wconf 88' lang='lat' dir='ltr'><strong>locus</strong></span> 
     </span>
     <span class='ocr_line' id='line_1_35' title="bbox 511 3714 1438 3782; baseline 0.004 -18"><span class='ocrx_word' id='word_1_248' title='bbox 511 3715 766 3782; x_wconf 85' lang='lat' dir='ltr'><strong>exquisito</strong></span> <span class='ocrx_word' id='word_1_249' title='bbox 795 3716 938 3766; x_wconf 91' lang='lat' dir='ltr'><strong>cultu</strong></span> <span class='ocrx_word' id='word_1_250' title='bbox 962 3715 1166 3767; x_wconf 89' lang='lat' dir='ltr'><strong>enituit.</strong></span> <span class='ocrx_word' id='word_1_251' title='bbox 1199 3731 1224 3762; x_wconf 85' lang='grc'>»</span> <span class='ocrx_word' id='word_1_252' title='bbox 1258 3714 1322 3768; x_wconf 92' lang='lat' dir='ltr'><strong>C.</strong></span> <span class='ocrx_word' id='word_1_253' title='bbox 1349 3732 1438 3768; x_wconf 89' lang='lat' dir='ltr'><strong>xx.</strong></span> 
     </span>
    </p>

    <p class='ocr_par' dir='ltr' id='par_1_9' title="bbox 580 3785 1551 3857">
     <span class='ocr_line' id='line_1_36' title="bbox 580 3785 1551 3857; baseline -0.001 -21"><span class='ocrx_word' id='word_1_254' title='bbox 580 3785 604 3815; x_wconf 71' lang='lat'>²</span> <span class='ocrx_word' id='word_1_255' title='bbox 638 3786 824 3838; x_wconf 83' lang='lat' dir='ltr'><strong>Horat.</strong></span> <span class='ocrx_word' id='word_1_256' title='bbox 855 3789 1018 3857; x_wconf 76' lang='lat' dir='ltr'><strong>Epist.</strong></span> <span class='ocrx_word' id='word_1_257' title='bbox 1048 3785 1142 3838; x_wconf 88' lang='lat' dir='ltr'><strong>lib.</strong></span> <span class='ocrx_word' id='word_1_258' title='bbox 1171 3786 1246 3849; x_wconf 90' lang='lat' dir='ltr'><strong>II,</strong></span> <span class='ocrx_word' id='word_1_259' title='bbox 1274 3804 1316 3850; x_wconf 90' lang='lat'><strong>1,</strong></span> <span class='ocrx_word' id='word_1_260' title='bbox 1353 3804 1404 3837; x_wconf 89' lang='lat' dir='ltr'><strong>v.</strong></span> <span class='ocrx_word' id='word_1_261' title='bbox 1429 3785 1551 3835; x_wconf 82' lang='lat'><strong>187.</strong></span> 
     </span>
    </p>

    <p class='ocr_par' dir='ltr' id='par_1_10' title="bbox 510 3850 2537 3981">
     <span class='ocr_line' id='line_1_37' title="bbox 580 3850 2537 3927; baseline -0.004 -19"><span class='ocrx_word' id='word_1_262' title='bbox 580 3856 603 3887; x_wconf 80' lang='lat'>⁸</span> <span class='ocrx_word' id='word_1_263' title='bbox 637 3857 791 3908; x_wconf 87' lang='lat' dir='ltr'><strong>Hisce</strong></span> <span class='ocrx_word' id='word_1_264' title='bbox 814 3858 986 3910; x_wconf 90' lang='lat' dir='ltr'><strong>verbis</strong></span> <span class='ocrx_word' id='word_1_265' title='bbox 1020 3876 1136 3910; x_wconf 84' lang='lat' dir='ltr'><strong>eam</strong></span> <span class='ocrx_word' id='word_1_266' title='bbox 1164 3857 1467 3909; x_wconf 85' lang='lat' dir='ltr'><strong>animorum</strong></span> <span class='ocrx_word' id='word_1_267' title='bbox 1502 3853 1891 3927; x_wconf 87' lang='lat' dir='ltr'><strong>depressionem</strong></span> <span class='ocrx_word' id='word_1_268' title='bbox 1930 3852 2075 3906; x_wconf 91' lang='lat' dir='ltr'><strong>dolet</strong></span> <span class='ocrx_word' id='word_1_269' title='bbox 2121 3865 2172 3904; x_wconf 89' lang='lat' dir='ltr'><strong>et</strong></span> <span class='ocrx_word' id='word_1_270' title='bbox 2209 3852 2423 3921; x_wconf 83' lang='lat' dir='ltr'><strong>castigat</strong></span> <span class='ocrx_word' id='word_1_271' title='bbox 2451 3850 2537 3903; x_wconf 86' lang='lat' dir='ltr'><strong>vir</strong></span> 
     </span>
     <span class='ocr_line' id='line_1_38' title="bbox 510 3927 2422 3981; baseline 0 -3"><span class='ocrx_word' id='word_1_272' title='bbox 510 3927 646 3979; x_wconf 90' lang='lat' dir='ltr'><strong>inter</strong></span> <span class='ocrx_word' id='word_1_273' title='bbox 668 3945 768 3978; x_wconf 91' lang='lat' dir='ltr'><strong>nos</strong></span> <span class='ocrx_word' id='word_1_274' title='bbox 790 3928 1103 3981; x_wconf 89' lang='lat' dir='ltr'><strong>clarissimus</strong></span> <span class='ocrx_word' id='word_1_275' title='bbox 1131 3945 1143 3981; x_wconf 91' lang='lat'>:</span> <span class='ocrx_word' id='word_1_276' title='bbox 2419 3927 2422 3928; x_wconf 43' lang='lat'><em>⁷</em></span> 
     </span>
    </p>

    <p class='ocr_par' dir='ltr' id='par_1_11' title="bbox 507 3991 2540 4140">
     <span class='ocr_line' id='line_1_39' title="bbox 580 3991 2540 4070; baseline -0.003 -20"><span class='ocrx_word' id='word_1_277' title='bbox 580 4018 607 4050; x_wconf 79' lang='grc' dir='ltr'>α</span> <span class='ocrx_word' id='word_1_278' title='bbox 627 3998 772 4049; x_wconf 89' lang='lat' dir='ltr'><strong>Cette</strong></span> <span class='ocrx_word' id='word_1_279' title='bbox 794 3999 1089 4052; x_wconf 86' lang='lat' dir='ltr'><strong>exactitude</strong></span> <span class='ocrx_word' id='word_1_280' title='bbox 1107 3997 1238 4052; x_wconf 87' lang='lat' dir='ltr'><strong>dans</strong></span> <span class='ocrx_word' id='word_1_281' title='bbox 1261 4000 1313 4052; x_wconf 89' lang='lat' dir='ltr'><strong>la</strong></span> <span class='ocrx_word' id='word_1_282' title='bbox 1336 3996 1747 4070; x_wconf 78' lang='lat' dir='ltr'><strong>representation</strong></span> <span class='ocrx_word' id='word_1_283' title='bbox 1764 3995 1831 4049; x_wconf 90' lang='lat' dir='ltr'><strong>de</strong></span> <span class='ocrx_word' id='word_1_284' title='bbox 1848 3996 2030 4065; x_wconf 87' lang='lat' dir='ltr'><strong>l’objet</strong></span> <span class='ocrx_word' id='word_1_285' title='bbox 2048 3995 2221 4046; x_wconf 79' lang='lat' dir='ltr'><strong>anime</strong></span> <span class='ocrx_word' id='word_1_286' title='bbox 2242 4006 2317 4045; x_wconf 86' lang='lat' dir='ltr'><strong>est</strong></span> <span class='ocrx_word' id='word_1_287' title='bbox 2340 3991 2540 4062; x_wconf 86' lang='lat' dir='ltr'><strong>l’esprit</strong></span> 
     </span>
     <span class='ocr_line' id='line_1_40' title="bbox 507 4063 2535 4140; baseline -0.004 -17"><span class='ocrx_word' id='word_1_288' title='bbox 507 4067 640 4123; x_wconf 83' lang='lat' dir='ltr'><strong>dela</strong></span> <span class='ocrx_word' id='word_1_289' title='bbox 661 4069 949 4122; x_wconf 74' lang='lat' dir='ltr'><strong>litterature</strong></span> <span class='ocrx_word' id='word_1_290' title='bbox 972 4085 1022 4125; x_wconf 87' lang='lat' dir='ltr'><strong>et</strong></span> <span class='ocrx_word' id='word_1_291' title='bbox 1043 4070 1134 4123; x_wconf 85' lang='lat' dir='ltr'><strong>des</strong></span> <span class='ocrx_word' id='word_1_292' title='bbox 1157 4084 1260 4124; x_wconf 84' lang='lat' dir='ltr'><strong>arts</strong></span> <span class='ocrx_word' id='word_1_293' title='bbox 1283 4069 1350 4123; x_wconf 90' lang='lat' dir='ltr'><strong>de</strong></span> <span class='ocrx_word' id='word_1_294' title='bbox 1368 4082 1524 4122; x_wconf 87' lang='lat' dir='ltr'><strong>notre</strong></span> <span class='ocrx_word' id='word_1_295' title='bbox 1544 4080 1713 4140; x_wconf 89' lang='lat' dir='ltr'><strong>temps</strong></span> <span class='ocrx_word' id='word_1_296' title='bbox 1735 4090 1748 4132; x_wconf 86' lang='lat'>;</span> <span class='ocrx_word' id='word_1_297' title='bbox 1775 4068 1873 4121; x_wconf 85' lang='lat' dir='ltr'><strong>elle</strong></span> <span class='ocrx_word' id='word_1_298' title='bbox 1896 4082 2136 4119; x_wconf 85' lang='lat' dir='ltr'><strong>annonee</strong></span> <span class='ocrx_word' id='word_1_299' title='bbox 2157 4066 2210 4117; x_wconf 79' lang='lat' dir='ltr'><strong>la</strong></span> <span class='ocrx_word' id='word_1_300' title='bbox 2237 4063 2535 4117; x_wconf 75' lang='lat' dir='ltr'><strong>decadence</strong></span> 
     </span>
    </p>
   </div>
  </div>
 </body>
</html>
