2900 4678
1218 312 1612 379 ...Ἢ-..-

406 456 537 526 que
561 431 1040 525 exspatiantur.
1068 431 1281 503 Calor
1300 430 1577 526 quidem
1609 433 1791 526 apud
1823 457 1936 502 eos
1964 434 2416 528 frequentior,

406 529 523 598 sed
555 529 787 598 irritus
819 554 990 624 saepe
1011 544 1078 598 et
1098 530 1457 599 indecorus
1490 555 1504 596 :
1539 531 1861 599 circuitus
1883 531 2225 601 innumeri
2245 535 2419 604 viam

405 625 872 716 dissimulant3
915 642 1236 696 verentur
1280 652 1548 721 semper
1586 652 1672 696 ne
1707 629 1872 723 quid
1924 629 2257 699 indictum
2308 658 2422 701 re·
2495 638 2500 641 ’

404 723 739 819 linquant,
776 727 870 796 ita
903 740 1007 813 ut,
1046 724 1229 820 quod
1265 725 1350 795 de
1384 723 1709 863 singulari
1739 727 2068 796 Caesaris
2053 752 2121 795 ιιι
2158 730 2421 823 agendo

404 822 744 892 celeritate
796 825 1147 912 LucanuS,

622 954 712 1012 Nil
741 969 925 1012 actum
951 955 1189 1014 credens
1215 955 1264 1013 si
1285 955 1426 1033 quid
1454 969 1780 1035 superesset
1805 958 2143 1033 agendum¹,

400 1107 714 1202 equidem
758 1105 1077 1193 libenter,
1127 1131 1266 1175 uno
1313 1120 1578 1174 tantum
1606 1121 1864 1175 mutato
1894 1107 2138 1196 verbo,
2180 1108 2265 1178 de
2301 1135 2418 1180 eo-

401 1230 553 1273 rum
573 1229 780 1296 prava
800 1204 1027 1271 omnia
1056 1201 1429 1296 explicandi
1454 1203 1943 1272 consuetudine
1962 1208 2414 1279 meminerim.

398 1300 653 1370 Fabula
702 1301 975 1394 quidem
1027 1300 1208 1395 apud
1249 1324 1361 1368 eos
1405 1325 1545 1369 non
1581 1301 1781 1368 unius
1825 1317 2102 1371 eventus
2146 1319 2262 1374 aut
2319 1308 2417 1375 rei

398 1397 781 1510 explanatio
807 1450 825 1485 ,
870 1397 985 1468 sed
1025 1398 1213 1491 quasi
1262 1398 1474 1467 aetatis
1509 1397 1709 1466 unius
1747 1398 2129 1468 universam
2163 1402 2415 1472 descri-

398 1498 704 1591 ptionem
749 1494 1212 1589 amplectitur3
1257 1495 1441 1589 quod
1472 1521 1629 1565 sane
1660 1511 1919 1565 rectum
1947 1515 2118 1568 esset
2146 1502 2200 1568 si
2237 1501 2418 1571 inter

399 1593 648 1683 multa,
706 1594 1234 1663 eminentissima
1279 1618 1562 1687 quaeque
1612 1594 2007 1688 seligerent,
2063 1620 2211 1690 quae
2257 1624 2415 1692 pau-

397 1695 491 1763 cis
523 1690 817 1804 plurima
857 1689 1485 1784 comprehendunt3
1533 1707 1602 1760 at
1643 1708 1903 1761 aetatem
1940 1707 2151 1762 totam
2202 1711 2271 1765 et
2308 1721 2414 1766 res

396 1790 876 1860 minutissimas
936 1790 1257 1859 affectant
1294 1788 1672 1875 reddendas
1726 1805 1794 1858 et
1835 1815 2068 1859 omnes
2114 1794 2410 1884 ejusdem

397 1890 605 1958 aetatis
656 1888 838 1956 viros
884 1889 1081 1982 quasi
1140 1889 1375 1982 ingens
1432 1888 1504 1955 in
1554 1887 1780 1956 forum
1828 1905 2267 1958 convocant:
2326 1892 2410 1960 ab

395 1985 679 2055 historia
726 2011 925 2080 quam
973 1985 1266 2080 plurima
1295 2000 1594 2079 possunt
1630 2000 2053 2073 mutuantur,
2104 1987 2286 2057 unde
2332 1989 2412 2058 fit

332 2172 337 2175 ⁷
395 2099 472 2153 ut
505 2109 676 2178 saepe
714 2081 1060 2153 annalium
1095 2099 1297 2177 caput
1337 2085 1564 2177 potius
1598 2107 1816 2176 quam
1832 2082 2145 2153 fabellam
2191 2086 2407 2155 vivam

396 2195 464 2251 et
497 2207 771 2276 gravem
809 2207 1164 2275 agnoscas.
1189 2181 1341 2250 ideo
1371 2206 1642 2275 quoque
1666 2180 2003 2275 colloquia
2037 2182 2216 2251 inter
2252 2209 2408 2278 per-

394 2305 589 2350 sonas
634 2305 806 2374 saepe
851 2279 1324 2349 declamatoria
1367 2280 1725 2368 videntur,
1774 2280 1844 2348 in
1885 2280 2129 2374 quibus
2168 2307 2408 2375 nempe

396 2378 861 2472 deprehendas
896 2403 1032 2446 non
1070 2393 1204 2446 tam
1240 2376 1608 2446 affectuum
1652 2380 2253 2466 concertationem,
2293 2396 2410 2449 aut

396 2476 564 2545 duos
596 2478 778 2546 viros
816 2477 1059 2545 acriter
1091 2474 1606 2562 contendenteS,
1650 2498 1850 2568 quam
1880 2490 2243 2570 utrumque
2281 2502 2408 2570 pro

395 2589 588 2668 parte
619 2600 764 2663 sua,
800 2598 1109 2643 securum
1136 2571 1435 2661 alteriuS,
1470 2573 1829 2665 saepissime
1858 2572 2208 2643 audientes
2243 2573 2408 2644 allo-

395 2688 752 2766 quentem3
780 2673 938 2740 inde
969 2696 1240 2765 quoque
1269 2668 1684 2739 incredibilis
1709 2671 2017 2764 quaedam
2045 2687 2406 2742 eventuum

396 2785 462 2837 et
508 2768 865 2863 spectaculi
911 2770 1219 2839 varietas.
1261 2769 1609 2862 Fatigatur
1642 2793 1814 2862 saepe
1850 2793 2039 2837 mens
2083 2785 2219 2840 tam
2264 2770 2402 2840 fre-

397 2884 684 2962 quenter
728 2883 1046 2938 renovata
1097 2891 1324 2936 rerum
1366 2867 1613 2958 specie,
1653 2881 1720 2934 et
1767 2867 1988 2937 minus
2032 2867 2400 2957 detinetur,

392 2967 763 3060 praesertim
790 2992 999 3061 quum
1041 2991 1181 3033 non
1209 2966 1346 3057 jam
1387 2964 1458 3031 id
1497 2963 1785 3034 voluerit
1820 2966 2114 3057 scriptor
2146 2981 2223 3034 ut
2255 2968 2406 3034 ani-

393 3090 539 3133 mos
557 3079 971 3159 permoveat,
1019 3063 1299 3132 affectus
1333 3077 1640 3158 accurate
1674 3061 2145 3156 exprimendO,
2186 3063 2301 3131 sed
2329 3080 2406 3133 ut

394 3164 601 3257 magis
645 3163 945 3232 sensibus
987 3159 1374 3229 blandiatur
1405 3160 1679 3229 turbida
1713 3185 1941 3228 rerum
1975 3176 2404 3230 externarum

394 3275 460 3327 et
515 3261 639 3330 sub
702 3259 932 3330 oculos
988 3258 1459 3328 tantummodo
1515 3258 1902 3330 cadentium
1963 3274 2402 3352 repraesenta-

396 3358 602 3426 tione.
666 3359 736 3427 Si
798 3358 1094 3450 ejusdem
1147 3372 1341 3425 sectae
1394 3354 1604 3450 lyrica
1664 3369 1973 3449 poemata
2036 3357 2347 3449 inspicias
2378 3410 2396 3445 ,

392 3456 690 3526 invenies
721 3458 905 3550 juxta
941 3453 1257 3523 sublimes
1288 3451 1652 3548 aliquando
1689 3454 1965 3548 spiritus
1999 3470 2067 3522 et
2099 3455 2401 3524 vividum

390 3553 663 3644 hujusce
717 3578 942 3623 rerum
987 3553 1440 3622 universitatis
1482 3577 1750 3637 sensum
1795 3567 1862 3620 et
1909 3553 2242 3622 fervorem
2286 3577 2401 3620 ve-

393 3675 576 3737 rum,
615 3651 924 3746 longiora
961 3650 1266 3745 quaedam
1299 3666 1367 3718 et
1399 3650 1702 3718 eamdem
1740 3652 2139 3719 sententiam
2177 3646 2406 3718 multis

390 3747 610 3816 modis
645 3751 1024 3842 repetitam,
1065 3764 1132 3817 et
1165 3747 1482 3817 diffusam
1516 3748 1851 3817 scribendi
1893 3749 2252 3832 rationem,
2295 3772 2405 3815 su-

296 3865 299 3870 ·
390 3846 832 3938 perfluentem
877 3862 944 3916 et
986 3845 1228 3930 nulliS,
1269 3861 1345 3914 ut
1380 3846 1477 3914 ita
1520 3845 1778 3929 dicam,
1829 3845 1993 3935 ripis
2041 3844 2400 3914 coercitam

462 4073 482 4103 ¹
514 4076 686 4125 Plaars.
716 4075 811 4126 lib.
839 4077 911 4138 ll,
946 4096 994 4127 v.
1024 4078 1146 4126 657.
