2900 4678
1194 232 1697 306 ·-62—

571 356 803 436 quidem
820 357 1043 418 leviora
1061 354 1204 435 Apri
1228 367 1569 437 argumenta
1589 320 2010 415 examinantur.
2029 352 2271 430 -Quid
2292 352 2429 416 hinc
2451 355 2516 415 in

570 437 762 517 ipsum
788 438 1047 499 Tacitum
1075 434 1267 518 colligi
1294 436 1473 515 possit
1476 480 2332 501 ......................
2433 439 2514 496 26

1180 598 1420 656 CAPUT
1467 597 1817 656 TERTIUM.

829 730 999 771 vam
1039 730 1289 770 HESSALAE
1320 730 1666 770 Anomum'm
1704 731 2168 771 Pznmnulv‘run.

495 817 540 901 3
587 823 643 880 1.
693 823 905 878 Ver‘um
931 838 1055 878 esse
1082 817 1244 877 aurei
1273 816 1556 895 cujusque
1579 815 1773 877 saeculi
1812 816 2184 896 scriptoribus
2210 816 2394 876 inesse
2432 818 2522 877 si·-

559 900 963 963 militudinem
981 899 1293 977 quamdam
1309 898 1518 972 iudicii
1545 910 1604 957 et
1638 898 1949 960 voluntatis
1976 897 2398 978 cognationem.
2434 930 2524 944 —-·

574 982 918 1043 Afferuntur
963 979 1233 1058 exempla
1236 1021 2334 1042 ............................
2435 981 2516 1043 33

495 1059 541 1141 3
580 1065 638 1119 2.
685 1060 840 1135 Quid
866 1060 1147 1140 significet
1176 1072 1233 1118 et
1278 1058 1351 1117 ad
1383 1078 1666 1136 quosnam
1704 1059 2010 1136 scriptores
2054 1059 2522 1118 transferendum

572 1141 685 1199 hoc
710 1140 868 1200 aliud
896 1152 1300 1221 argumentum
1325 1162 1341 1196 ι
1373 1158 1437 1198 se
1459 1139 1631 1197 malle
1659 1141 1925 1215 impetam
1959 1152 2016 1203 et
2046 1142 2426 1197 maturitatem
2457 1140 2524 1197 in

536 1248 542 1253 ·
578 1222 837 1281 oratione
856 1240 1031 1298 quam
1049 1224 1418 1293 calamistros',
1442 1223 1697 1291 tinnituS,
1721 1233 1776 1278 et
1793 1223 2138 1279 meretricias
2160 1234 2352 1277 vestes.
2443 1223 2524 1278 34

497 1300 544 1382 3
588 1305 645 1361 3.
684 1307 1103 1381 Argumentum
1130 1300 1275 1359 illud
1309 1320 1427 1379 quo
1455 1299 1745 1358 contendit
1775 1300 1972 1359 deesse
1992 1320 2157 1358 novae
2182 1300 2289 1358 arti
2315 1319 2525 1359 exem-

576 1381 764 1460 plaria
794 1401 926 1458 quae
957 1380 1247 1440 veteribus
1276 1379 1495 1458 possint
1519 1380 1793 1452 conferri,
1823 1381 2060 1440 minime
2091 1381 2289 1441 valere
2327 1399 2528 1458 neque

578 1462 741 1522 litem
785 1461 1063 1519 dirimere
1058 1503 2341 1525 .................................
2443 1463 2520 1518 37

496 1538 544 1622 3
579 1547 637 1602 4.
688 1547 819 1601 Non
843 1542 1133 1601 immerito
1158 1541 1361 1621 lugere
1385 1540 1690 1607 Messalam
1716 1560 1836 1608 non
1859 1542 1978 1614 jam
1998 1554 2225 1602 veteres
2253 1554 2524 1600 oratores

577 1622 808 1682 assidua
827 1622 1266 1682 conversatione
1281 1621 1393 1681 ooli
1399 1665 2335 1686 ........................
2441 1624 2517 1680 38

501 1705 539 1786 §
580 1709 633 1765 5.
674 1703 850 1762 Foeda
896 1723 963 1761 ac
1002 1702 1277 1783 pudenda
1315 1701 1637 1780 quotidiani
1683 1704 1964 1762 sermonis
2007 1703 2148 1762 vitia
2198 1702 2522 1761 orationem

579 1784 858 1843 invasisse
885 1783 1071 1857 dolet3
1103 1782 1322 1862 duplex
1345 1783 1506 1855 inde,
1536 1781 1703 1841 nobis
1723 1782 2039 1858 judicibus,
2069 1795 2129 1843 et
2151 1800 2315 1861 aeque
2346 1782 2528 1841 decli-

558 1862 836 1923 nandum
870 1864 1191 1943 periculum
1199 1907 1616 1926 ...........
1619 1904 1626 1911 ·
1640 1908 2333 1927 ..................
2438 1867 2510 1921 41

499 1944 546 2028 3
572 1948 645 2007 ,6.
691 1948 775 2003 Ex
795 1945 1046 2024 antiquae
1067 1942 1425 2003 educationis
1442 1943 1738 2003 oblivione
1764 1944 2031 2003 stolidam
2049 1944 2213 2003 istam
2230 1955 2288 2003 et
2303 1964 2338 2003 a
2357 1962 2524 2002 com-

581 2026 745 2084 muni
773 2045 947 2085 sensu
984 2024 1350 2084 recedentem
1384 2037 1580 2084 natam
1615 2043 1741 2084 esse
1783 2025 2189 2103 eloquentiam.
2237 2056 2314 2070 ·-
2355 2023 2522 2083 Idem

579 2106 737 2185 apud
761 2125 867 2164 nos
890 2105 1099 2165 accidit
1118 2124 1193 2165 ex
1215 2105 1552 2164 intimorum
1579 2114 1637 2163 et
1662 2105 2068 2185 multiplicium
2085 2106 2396 2165 affectuum
2418 2123 2527 2162 ne-

581 2187 845 2245 cessitate
848 2230 2342 2252 ......................................
2443 2188 2520 2242 42

500 2267 547 2349 3
587 2271 643 2326 7.
690 2266 1107 2326 Gravissimum
1136 2285 1284 2338 esse,
1301 2265 1439 2324 etin
1463 2284 1533 2325 eo
1557 2265 1752 2324 omnia
1779 2278 1970 2326 cetera
1994 2265 2294 2338 contineri,
2314 2263 2523 2343 saepius

579 2368 617 2408 a
641 2347 885 2407 Messala
904 2346 1321 2406 recentioribus
1339 2346 1628 2421 objectum
1643 2347 1886 2421 crimen,
1903 2348 2121 2409 scilicet
2134 2347 2349 2407 litteras
2366 2344 2523 2405 illius

580 2428 759 2489 aetatis
788 2428 1171 2511 philosophiae
1198 2427 1405 2507 spiritu
1438 2446 1637 2487 carere
1641 2471 2340 2495 ..................
2441 2429 2519 2484 43

1175 2591 1418 2651 CAPUT
1457 2589 1843 2666 QUARTUM.

855 2721 1111 2772 mmm
1130 2705 1349 2767 'rumas
1388 2728 1459 2767 m·
1498 2693 1705 2767 cmm
1743 2726 2167 2800 pxrmmrun.

501 2812 554 2895 3
589 2815 648 2874 1.
693 2816 910 2873 Verum
933 2831 1060 2873 esse
1078 2833 1346 2894 magnam
1375 2813 1761 2892 eloquentiam
1783 2833 1904 2874 non
1924 2812 2038 2874 nisi
2061 2814 2124 2873 in
2150 2812 2361 2896 agitata
2380 2812 2526 2873 civi-

582 2905 701 2955 tate
725 2894 934 2955 florere
963 2913 1156 2974 posse,
1185 2895 1515 2956 afferuntur
1532 2915 1597 2954 ex
1606 2895 2106 2975 empla.-Pauca
2120 2896 2221 2956 hio
2234 2894 2525 2955 enuntiari

430 3003 439 3006 ·
581 2994 620 3036 a
645 2996 791 3036 vera
811 2976 993 3036 Taciti
1015 2975 1297 3037 sententia
1318 2975 1529 3040 aliena.
1563 3019 2341 3042 ....................
2442 2975 2523 3036 46

499 3054 546 3138 3
589 3059 649 3117 2.
692 3057 998 3119 Conclusio
1004 3102 2342 3125 ..................................
2442 3056 2521 3115 49

1314 3222 1726 3286 ΔΡΡΕΝΒΙΧ..

501 3332 657 3410 Quid
675 3333 751 3397 sit
776 3335 1139 3398 mutiendum
1164 3336 1243 3398 de
1263 3337 1473 3400 lacuna
1496 3353 1630 3418 quas
1648 3337 1711 3400 in
1733 3336 1984 3419 nisiago
2006 3336 2301 3402 oneum-its
2326 3380 2342 3400 .
2447 3339 2528 3395 52
