2900 4678
1302 316 1647 384 ...6-

563 433 700 525 Age
737 455 898 499 vero
941 433 1079 525 jam
1116 436 1519 505 acerrimum
1572 436 1769 528 hujus
1823 434 2166 528 opinionis
2220 460 2482 531 propu-

467 543 820 621 gnatorem
842 528 921 595 ad
947 530 1285 624 singulare
1305 547 1644 601 certamen
1664 556 2139 626 provocemus3
2180 547 2358 600 recte
2392 556 2478 600 an

463 648 651 693 secus
686 625 1041 695 fecerimus
1076 628 1219 723 ipsa
1263 655 1367 698 res
1401 629 1698 698 docebit.
1756 632 2223 721 Proponamus
2270 628 2484 721 igitur

457 721 761 812 judicum
796 721 1008 792 oculis
1034 726 1286 819 scripta
1309 750 1460 821 quae
1483 750 1751 795 causam
1774 727 2154 807 continent,
2179 725 2345 794 duas
2371 727 2478 792 ni-

465 817 713 886 mirum
743 817 942 887 Plinii
966 822 1314 913 epistolas:
1338 824 1573 892 scribit
1599 822 2105 891 Pli-niusTacito
2132 820 2326 909 lib.I,
2345 845 2423 890 v}
2457 848 2473 889 ε

569 944 602 980 α
632 914 908 984 Ridebis
941 932 1008 985 et
1043 918 1198 989 licet
1232 920 1474 989 rideas,
1503 923 1647 1013 Ego
1684 918 1793 988 ille
1827 943 2027 1012 quem
2055 919 2258 1004 nosti,
2279 942 2482 1010 apros

468 1027 640 1097 treS,
703 1027 770 1080 et
821 1013 1101 1107 quidem
1155 1015 1674 1109 pulcherrimOS,
1736 1016 1909 1109 cepi.
1968 1014 2171 1107 Ipse?
2223 1014 2474 1108 inquis,

468 1110 619 1200 Ipse
653 1135 668 1177 ε
713 1134 851 1177 non
889 1125 1112 1179 tamen
1148 1128 1226 1182 ut
1257 1114 1542 1182 omnino
1571 1113 1655 1181 ab
1694 1112 1940 1181 inertia
1972 1136 2119 1180 mea
2152 1125 2221 1179 et
2254 1112 2484 1204 quiete

466 1204 917 1296 d-iscederem3
952 1208 1037 1276 ad
1067 1210 1236 1279 retia
1268 1209 1582 1279 sedebam
1612 1237 1628 1278 ε
1658 1224 1852 1278 erant
1888 1209 1956 1276 in
1987 1208 2299 1300 proximo
2338 1232 2481 1275 non

465 1301 796 1370 venabula
824 1319 939 1371 aut
964 1302 1218 1393 lancea,
1239 1307 1354 1375 sed
1376 1306 1585 1400 stylus
1606 1322 1673 1374 et
1691 1304 2076 1399 pugillares,
2101 1303 2488 1372 Meditabar

467 1396 720 1492 aliquid
778 1401 1270 1495 enotabamque
1294 1455 1312 1490 ,
1375 1417 1452 1470 ut
1514 1403 1568 1470 si
1622 1426 1860 1471 manus
1910 1425 2188 1488 vacuas,
2250 1399 2482 1494 plenas

468 1511 690 1563 tamen
726 1520 909 1565 ceras
940 1515 1382 1590 reporta-rem.
1418 1501 1576 1569 Non
1606 1513 1707 1567 est
1733 1498 1913 1592 quod
1940 1514 2330 1566 contemnas
2349 1498 2486 1565 hoc

466 1591 779 1661 studendi
840 1618 1075 1687 genus.
1135 1596 1393 1671 Mirum
1440 1612 1582 1683 est,
1639 1610 1715 1665 ut
1761 1595 2066 1683 animuS,
2118 1594 2484 1688 agitatione

456 1703 790 1781 motuque
810 1694 1116 1783 corporis
1139 1694 1489 1763 excitetur.
1526 1696 1674 1762 Jam
1711 1693 2011 1784 undique
2033 1690 2197 1775 silva
2221 1705 2289 1758 et
2319 1688 2482 1758 soli-

466 1785 659 1873 tudo,
687 1788 1037 1881 ipsumque
1067 1788 1231 1858 illud
1260 1789 1630 1877 silentium,
1663 1789 1847 1884 quod
1877 1789 2217 1857 venationi
2245 1787 2478 1874 datur,

469 1907 708 1977 magna
724 1886 1154 1979 cogitationis
1170 1887 1606 1957 incitamenta
1620 1900 1775 1956 sunt
1786 1938 1810 1956 .
1824 1885 2121 1955 Proinde
2145 1909 2353 1977 quum
2370 1908 2486 1953 v-e·

469 1981 743 2066 nabere,
765 1980 1018 2069 licebit,
1039 1999 1313 2054 auctore
1327 2011 1459 2073 me,
1481 2000 1556 2054 ut
1572 1984 1923 2077 panarium
1938 1997 2006 2051 et
2027 1978 2477 2075 lagunculam,

467 2077 561 2146 sic
625 2078 829 2147 etiam
899 2079 1259 2174 pugillares
1313 2081 1510 2151 feras.
1570 2080 1953 2174 Experieris
2009 2104 2146 2146 non
2191 2077 2484 2145 Dianam

469 2175 677 2268 magis
715 2177 1100 2266 montibuS,
1155 2203 1358 2272 quam
1400 2180 1781 2246 Minervam
1828 2177 2154 2244 inerrare.
2203 2171 2394 2242 Vale.
2443 2199 2484 2238 n

566 2272 817 2342 Scribit
863 2274 1105 2343 iterum
1136 2275 1353 2345 eidem
1388 2273 1434 2344 l.
1476 2277 1613 2364 IX,
1656 2301 1702 2344 x
1740 2300 1756 2344 :
1807 2273 2082 2367 «Cupio
2133 2270 2490 2366 praeceptis

467 2370 600 2438 tuis
651 2395 889 2466 parere
927 2424 946 2459 ,
1011 2372 1126 2440 sed
1177 2398 1501 2468 aprorum
1571 2388 1758 2442 tanta
1829 2370 2112 2465 penuria
2180 2383 2278 2438 est
2311 2421 2329 2455 ,
2408 2382 2516 2444 ut,

469 2468 796 2537 Minervae
850 2483 918 2537 et
958 2470 1195 2538 Dianae
1229 2496 1394 2563 quas
1426 2471 1524 2538 ais
1558 2470 1813 2564 pariter
1844 2467 2186 2551 colendas,
2232 2489 2480 2534 conve·

471 2564 621 2633 nire
663 2589 803 2632 non
843 2566 1074 2659 possit.
1119 2570 1356 2660 Itaque
1388 2568 1718 2636 Minervae
1752 2579 2013 2635 tantum
2054 2562 2486 2632 serviendum¹

469 2676 606 2749 est,
649 2660 931 2731 delicate
965 2677 1190 2733 tamen
1217 2716 1234 2751 ,
1291 2680 1367 2734 ut
1414 2666 1488 2732 in
1533 2689 1792 2734 secessu
1830 2677 1898 2731 et
1929 2674 2196 2758 aestat33
2250 2660 2320 2726 in
2375 2659 2482 2726 via

467 2756 673 2852 plane
697 2758 1028 2829 nonnulla
1060 2759 1339 2850 leviora,
1377 2763 1738 2856 statimque
1771 2757 2054 2828 delenda
2084 2809 2103 2844 ,
2133 2750 2210 2826 ea
2246 2780 2484 2850 garru-

467 2854 680 2942 litate,
740 2882 873 2951 qua
923 2883 1263 2931 sermones
1316 2859 1386 2927 in
1416 2857 1726 2928 vehiculo
1768 2869 2085 2926 seruntur
2110 2906 2134 2943 ,
2181 2852 2479 2921 extendi.

468 2953 593 3022 His
626 2954 933 3048 quaedam
970 2956 1200 3024 addidi
1236 2956 1306 3025 in
1339 2955 1535 3043 villa,
1575 2980 1784 3050 quum
1821 2952 2003 3023 aliud
2046 2976 2182 3020 non
2213 2948 2478 3019 liberet.

468 3052 704 3145 Itaque
726 3068 1066 3147 poemata
1101 3055 1484 3149 quiescunt,
1527 3077 1679 3148 quae
1727 3067 1801 3122 tu
1850 3053 2035 3120 inter
2080 3071 2374 3117 nemora
2417 3060 2490 3115 et

471 3147 660 3217 lucos
749 3149 1289 3220 commodissime
1361 3150 1594 3244 perfici
1661 3164 1904 3244 putas.
1969 3141 2481 3216 Oratiunculam

468 3270 670 3314 unam
727 3263 841 3316 aut
895 3246 1173 3316 alteram
1226 3249 1624 3333 retractavi3
1689 3270 2095 3340 quamquam
2142 3242 2208 3310 id
2275 3265 2482 3333 genus

467 3345 695 3434 operis
762 3343 1122 3413 inamabile
1149 3396 1166 3430 ,
1233 3346 1643 3414 inamoenum
1671 3397 1689 3431 ,
1751 3344 2091 3436 magisque
2142 3337 2487 3406 laboribus
2549 3365 2564 3372 ·

467 3441 668 3525 ruriS,
712 3465 915 3532 quam
949 3439 1432 3535 voluptatibus,
1474 3431 1713 3607 mile.
1754 3439 1947 3508 Vale.
2005 3465 2040 3503 »

565 3537 922 3629 Abjudicat
957 3553 1182 3606 autem
1218 3537 1328 3606 ille
1361 3538 1466 3606 Pli
1624 3536 1977 3632 epistolam
2021 3535 2116 3602 sic
2150 3531 2483 3624 incipien-

467 3637 668 3703 tem¹:
711 3664 743 3700 «
770 3636 990 3728 Cupio
1014 3637 1363 3729 praeceptis
1390 3637 1522 3705 tuis
1556 3661 1820 3729 parere,
1851 3649 1977 3701 etc.
2006 3644 2301 3721 »utpote
2331 3652 2483 3695 cum

465 3836 621 3888 fuisse
659 3850 898 3905 poemata
930 3836 1115 3907 saepius
1150 3837 1469 3907 conscripta,
1504 3836 1729 3904 ideoque
1766 3852 1876 3886 non
1910 3849 2020 3884 csse
2051 3823 2247 3883 nfirum
2285 3830 2325 3879 si
2359 3845 2487 3908 poe·

464 3906 580 3959 ticia
614 3907 784 3958 verbis
807 3922 857 3959 et
882 3908 1169 3960 luminibus
1193 3909 1431 3978 Dialogus
1455 3921 1511 3959 ut
1537 3920 1706 3958 cetera
1731 3907 1840 3973 ejus
1870 3922 2031 3974 opera
2069 3909 2314 3954 scateant.
2349 3896 2486 3949 Vnd.

466 3979 773 4048 Dupraeum,
804 3997 858 4047 p.
896 3981 987 4030 ⁴5.

542 4052 556 4080 ¹
600 4050 660 4100 L.
690 4048 787 4111 IX,
820 4068 871 4100 x.
