2900 4678
1336 261 1729 333 ...qs-.-

512 384 675 483 quid
724 393 1044 482 magnum
1085 399 1218 472 est,
1267 384 1394 454 sibi
1440 384 1955 479 exprimendum
2006 382 2527 477 adjudicaverit,

511 501 626 555 aut
663 484 847 578 quod
896 484 1188 578 primum
1233 481 1537 577 gallicam
1571 483 1969 552 comoediam
2015 507 2052 550 e
2089 481 2367 551 cerebro
2407 507 2531 551 suo

511 581 695 653 velut
750 597 1071 651 armatam
1126 580 1458 669 ediderit,
1517 580 1631 650 sed
1700 579 1880 674 quod
1948 578 2205 672 aliquid
2273 579 2528 671 majti'S,

512 683 567 750 si
614 680 760 751 fieri
814 694 1074 773 potest
1123 694 1404 749 conatus
1456 679 1580 767 sit,
1628 679 1879 747 scilicet
1928 678 2273 746 heroicam
2334 677 2533 747 sabu-

512 777 691 868 lam,
748 777 931 873 quod
980 732 1149 846 nil1il
1199 776 1381 844 aliud
1422 792 1521 845 est
1562 777 1691 845 nisi
1744 776 2242 863 recentiorum,
2297 791 2375 844 ut
2415 801 2537 844 vo-

464 902 471 907 ’
512 892 745 966 catur,
788 874 1020 972 δρᾶμα.
1072 874 1365 943 Videtur
1388 875 1565 943 mihi
1609 872 2020 947 Nlcomedes
2059 876 2354 967 primum
2402 874 2534 942 hu-

504 974 691 1068 jusce
731 974 998 1068 generis
1030 997 1314 1067 operum
1358 988 1428 1041 et
1476 970 2091 1067 splendidissimum
2127 969 2465 1065 exemplar
2510 996 2527 1040 z

509 1072 904 1166 tragoediam
946 1096 1086 1141 esse
1120 1071 1344 1158 dicas,
1390 1070 1446 1139 si
1488 1093 1932 1163 personarum
1984 1093 2266 1180 nomgna
2313 1084 2381 1137 et
2433 1068 2534 1138 rei

511 1171 907 1271 gravitatem
944 1169 1292 1255 intuearis,
1344 1168 1770 1256 comoediam,
1821 1168 1876 1237 si
1910 1191 2189 1236 acumen
2226 1166 2483 1261 ingenii
2507 1217 2527 1255 ,

513 1282 582 1336 et
618 1267 949 1337 sermonis
991 1267 1388 1360 elegantiam
1416 1281 1484 1335 et
1520 1280 1917 1360 praesentem
1951 1290 2165 1358 usque
2201 1267 2528 1360 εἰρωνείαν.

500 1365 644 1432 Vix
683 1364 868 1435 aliud
906 1389 1154 1458 queam
1187 1388 1400 1432 causae
1437 1387 1604 1433 meae
1658 1364 2109 1474 opportunius
2152 1360 2532 1455 exemplum

513 1460 883 1532 adsciscere
933 1486 950 1530 ε
1009 1461 1357 1532 diversitas
1411 1462 1552 1555 ipsa
1603 1461 1948 1555 ingenium
2004 1484 2209 1554 capax
2266 1459 2528 1554 arguit3

515 1560 767 1628 nedum
820 1560 906 1633 sit
952 1559 1248 1629 deterius
1299 1559 1482 1653 quod
1533 1559 1869 1629 diversum
1921 1573 2055 1647 est3
2115 1558 2280 1652 Apri
2329 1558 2539 1651 igitur

511 1672 740 1822 partes
776 1655 1245 1753 amplectimur
1291 1672 1360 1726 et
1412 1671 1770 1727 novatores
1802 1656 1915 1726 hic
1956 1671 2261 1727 veterum
2308 1679 2534 1724 exem-

514 1779 561 1849 p
591 1780 633 1825 o
668 1769 962 1826 tuemur.

2395 1898 2422 1917 Q

1429 1945 1606 2038 §4-

614 2148 813 2218 Nunc
858 2161 1080 2216 autem
1105 2198 1123 2235 ,
1165 2146 1431 2216 diffusis
1462 2147 1766 2241 undique
1805 2142 2215 2237 disciplinis,
2263 2159 2330 2214 et
2375 2169 2532 2239 per·

517 2243 734 2339 polito
783 2244 868 2314 ad
928 2270 1221 2339 unguem
1273 2270 1485 2338 usque
1536 2268 1884 2330 sermone,
1942 2242 2096 2311 ideo
2140 2243 2279 2335 jam
2330 2242 2535 2338 longo

515 2368 641 2412 usu
710 2343 1047 2455 hebetati,
1128 2345 1499 2413 novitatem
1563 2344 1774 2437 magis
1841 2342 2311 2436 persequimur
2382 2366 2534 2452 quae

516 2438 792 2509 lassatos
841 2442 1101 2509 animos
1135 2456 1392 2510 recreet
1429 2457 1632 2535 atque
1674 2438 1987 2508 oblectet.
2028 2438 2313 2525 Quoties
2350 2440 2533 2508 enim

518 2537 859 2630 frequenti
893 2563 1046 2606 cum
1079 2540 1318 2607 ceteris
1360 2538 1673 2633 gentibus
1721 2537 2173 2623 commerci0‚
2210 2551 2311 2624 et,
2338 2561 2531 2648 opu-

516 2632 726 2704 lentia
768 2634 1073 2723 adaucta,
1129 2637 1511 2706 humanitas
1559 2635 1771 2704 crevit
1804 2635 1877 2702 in
1917 2587 2344 2720 immensuni,
2389 2636 2532 2727 jam

519 2732 847 2801 recedunt
895 2758 936 2802 a
999 2733 1283 2828 simplici
1339 2758 1567 2807 rerum
1625 2730 2159 2825 effingendarum
2221 2732 2527 2820 ratione,

518 2844 588 2898 et
621 2830 811 2899 tritas
843 2832 981 2900 vias
1021 2831 1504 2924 derelinquunt
1546 2845 1612 2898 et
1654 2831 1977 2898 hactenus
2018 2830 2380 2898 intentatas
2423 2830 2533 2898 in·

515 2928 868 3022 vestigant.
908 2930 1081 2997 Tum
1114 2929 1526 2998 contendere
1550 2928 1729 2996 inter
1761 2952 1830 2996 se
1852 2925 2323 2996 delicatissima
2347 2942 2412 2995 et
2439 2925 2536 2996 le·

515 3024 860 3117 pidissima
905 3026 1178 3136 ingenia
1212 3028 1266 3095 si
1300 3024 1527 3121 plures
1574 3025 1922 3096 inveniant
1954 3024 2250 3119 ejusdem
2294 3025 2391 3092 rei
2422 3024 2532 3092 di-

515 3121 746 3191 cendae
779 3120 1056 3209 mod03‚
1104 3124 1160 3193 si
1202 3140 1318 3194 aut
1361 3123 1561 3235 plura
1601 3123 2032 3218 paucioribus
2081 3121 2353 3211 dicant,
2416 3138 2534 3191 aut

517 3222 838 3312 pauciora
885 3220 1241 3316 pluribuS,
1325 3223 1380 3292 si
1444 3221 1757 3292 flosculos
1808 3222 2096 3314 majore
2119 3235 2263 3290 arte
2321 3176 2532 3290 disse-

513 3317 826 3387 minent.
869 3319 1026 3388 inde
1061 3319 1299 3389 litterae
1341 3334 1457 3388 aut
1497 3319 1869 3413 periculum
1917 3303 2169 3387 adeunt
2217 3333 2333 3386 aut
2374 3343 2535 3411 pro-

512 3410 792 3503 ficiunt3
857 3415 1228 3510 periculum
1273 3419 1547 3530 quidem
1595 3415 1844 3487 adeunt
1890 3441 2045 3485 cum
2099 3414 2196 3484 illi
2250 3430 2530 3485 conatus

515 3508 587 3577 in
622 3510 788 3581 exile
822 3512 1192 3606 quidquam
1225 3539 1301 3582 ao
1329 3515 1636 3609 jejunum
1678 3514 1996 3624 evadunt,
2044 3515 2112 3581 et
2141 3537 2367 3581 rerum
2408 3538 2530 3581 cu-

518 3630 665 3675 ram
710 3608 1078 3679 verborum
1132 3611 1324 3680 labor
1377 3614 1753 3708 opprimit,
1802 3612 1898 3680 ita
1953 3625 2029 3679 ut
2086 3610 2197 3679 illa
2263 3611 2530 3680 novitas

517 3703 614 3771 nil
655 3705 783 3775 nisi
826 3730 1077 3776 novum
1121 3710 1394 3777 taedium
1438 3736 1518 3779 ac
1562 3664 1904 3777 fastidium
1955 3707 2200 3802 legenti
2246 3708 2522 3795 afferat3

518 3798 613 3870 sic
640 3801 843 3873 Plinii
879 3809 1395 3903 Panegyricum
1434 3823 1501 3875 et
1534 3806 1817 3876 Ausonii
1849 3808 2229 3876 sermones¹
2263 3819 2530 3876 tantum

590 4022 607 4056 ¹
645 4024 800 4079 Conf.
818 4028 1040 4123 Ausonii
1067 4028 1232 4102 Epist.
1260 4028 1514 4103 epigram.
1542 4029 1752 4104 passim.
