2900 4678
1190 319 1545 387 .-7.-

367 443 626 539 priore⁸
659 441 858 536 plane
881 455 1316 534 pugnantem.
1363 441 1734 534 «Quippe,
1770 437 1861 507 ait
1897 440 2383 540 Gutmannusss

368 541 562 634 prior
610 540 1038 608 venationem
1097 537 1573 624 commendat,
1643 536 1978 629 posterior
2031 532 2388 603 consilium

369 637 611 730 rejicit.
663 636 936 729 Quippe
989 634 1227 703 scribit
1273 631 1384 703 ille
1429 660 1444 701 τ
1494 633 1872 726 Experieris
1920 656 2060 699 non
2099 631 2388 719 Dianam

368 735 579 827 magis
615 733 957 801 montibus
993 755 1195 824 quam
1224 731 1600 799 Minervam
1629 726 1963 815 inei-‘rare;
1995 728 2109 796 hic
2135 728 2339 797 refert
2368 753 2383 794 ε

367 830 695 898 Minervae
736 844 999 898 tantum
1035 827 1463 896 serviendum
1499 843 1622 896 est.
1657 827 1964 919 Scriptor
2000 825 2393 917 posterioris

366 925 668 1020 epistolae
703 951 717 993 ε
742 925 886 1012 Ais,
910 924 1159 1018 inquit,
1191 927 1570 994 Minervam
1593 939 1658 992 et
1680 924 1972 990 Dianam
1996 922 2250 1015 pariter
2271 947 2388 990 co·

276 1084 279 1089 ,
367 1022 603 1091 lendas
643 1047 823 1109 esse3
875 1022 944 1088 in
999 1016 1229 1116 priore
1276 1037 1499 1090 autem
1536 1022 1678 1088 baec
1721 1019 1902 1087 dicta
1948 1032 2106 1086 sunt
2151 1041 2388 1110 quam-

369 1116 574 1212 quam
626 1124 767 1187 non
819 1118 1052 1186 iisdem
1093 1117 1344 1186 verbis.
1394 1120 1632 1208 Itaque
1683 1117 1831 1207 quis
1871 1115 2103 1182 credat
2138 1128 2391 1182 utram·

370 1239 505 1308 que
548 1213 902 1307 epistolam
946 1213 1032 1280 ab
1078 1211 1316 1280 eodem
1352 1212 1437 1281 ad
1478 1211 1786 1280 eumdem
1835 1235 1974 1279 esse
2016 1209 2389 1304 scriptam?

372 1309 742 1397 Quomodo
775 1307 1033 1377 Plinius
1056 1308 1288 1377 Tacito
1317 1309 1611 1377 scribere
1648 1307 1868 1400 potuit
1904 1333 1918 1375 :
1956 1308 2175 1405 Cupio
2198 1332 2388 1402 prae-

373 1409 592 1500 ceptis
636 1407 771 1475 tutis·
809 1429 1108 1500 parere,
1166 1404 1416 1475 scilicet
1476 1406 1904 1475 venationem
1952 1429 2106 1473 cum
2150 1404 2390 1473 studiis

371 1504 808 1597 conjungere,
848 1527 1055 1596 quum
1088 1504 1229 1596 ipse
1257 1504 1489 1595 priore
1526 1503 1593 1570 in
1630 1500 1911 1595 epistola
1955 1503 2172 1570 amico
2210 1501 2388 1569 idem

370 1598 847 1693 praecepisset?-
901 1599 1230 1687 Quaenam
1275 1624 1487 1692 porro
1534 1600 1660 1668 ista
1706 1623 2029 1692 aprorum
2088 1600 2384 1686 menti0,

372 1721 668 1789 quorum
695 1695 901 1764 modo
936 1695 1352 1766 abundantia
1376 1749 1394 1784 ,
1435 1696 1641 1765 modo
1676 1697 1961 1791 penuria
1997 1711 2134 1781 est,
2179 1694 2252 1763 si
2273 1720 2394 1787 po-

372 1817 493 1861 nas
520 1818 730 1862 unum
757 1817 896 1861 esse
917 1794 1269 1886 utriusque
1292 1792 1592 1888 epistolae
1616 1794 2015 1887 scriptorem
2037 1791 2066 1859 ,³
2092 1820 2126 1857 »
2155 1793 2389 1861 Tacito

373 1890 586 1983 igitur
612 1893 1042 1959 Gutmannus
1076 1890 1316 1960 tribuit
1349 1889 1701 1985 epistolam
1728 1892 1854 1976 IX,
1884 1914 1956 1979 x,
1993 1890 2124 1958 hoc
2148 1914 2391 1983 nempe

371 1986 801 2080 praetendens
841 2013 856 2054 ε
900 1986 1198 2055 Plinium
1241 1987 1444 2056 fuisse
1482 1987 1773 2060 venandi
1814 1986 2340 2055 amantissimum
2366 2042 2384 2072 ,

372 2107 702 2176 apparere
735 2108 897 2152 vero
942 2084 1338 2177 posterioris
1386 2082 1687 2179 epistolae
1739 2085 2139 2177 scriptorem
2167 2135 2204 2170 ‚.
2246 2108 2387 2151 non

371 2179 575 2249 fuisse
624 2196 1054 2269 venatorem;
1103 2179 1412 2251 eumdem
1462 2183 1738 2276 insuper
1781 2181 2017 2250 *dicere
2075 2205 2145 2249 se
2202 2181 2390 2249 vehi·

374 2275 528 2345 culo
580 2301 776 2347 usum
817 2302 956 2348 esse
1003 2298 1212 2372 quum
1258 2278 1329 2347 in
1368 2277 1593 2348 villam
1639 2279 1899 2365 abiret,
1956 2275 2214 2370 Plinius
2261 2302 2388 2346 au-

375 2389 512 2443 tem
531 2377 660 2463 IX,
688 2398 937 2444 xxxw.
967 2403 1002 2441 «
1027 2377 1183 2446 Non
1213 2374 1523 2445 vehiculo
1553 2376 1667 2444 sed
1697 2374 1910 2470 (quod
1936 2373 2206 2443 brevius
2233 2376 2391 2469 quia

372 2469 700 2566 velocius)
741 2496 920 2564 equo
967 2487 1195 2567 gestor
1213 2474 1259 2542 ὅ.
1295 2499 1331 2538 >³
1387 2473 1598 2541 Addit
1640 2475 2068 2543 Gutmannus
2111 2498 2126 2540 ε
2185 2499 2221 2538 «
2250 2497 2388 2541 non
2437 2463 2449 2473 ⁶

372 2566 578 2636 Plinii
623 2570 927 2638 carmina
961 2584 1125 2639 nota
1169 2595 1308 2640 esse
1342 2623 1360 2654 ‚
1418 2595 1574 2639 nam
1624 2595 1851 2639 versus
1894 2570 2391 2660 exercitationis

348 2688 571 2734 -causa
606 2661 1053 2759 compositos,
1095 2684 1406 2760 poemata
1449 2668 1585 2736 dici
1626 2692 1766 2735 non
1804 2692 2035 2761 posse,
2083 2667 2388 2736 Tacitum

373 2762 771 2831 muneribus
822 2763 1109 2857 publicis
1146 2764 1538 2834 defunctum
1573 2789 1748 2858 saepe
1784 2764 2124 2833 orationes
2158 2765 2390 2833 confe-

376 2858 581 2947 cisse,
629 2885 1012 2954 quanquam
1067 2861 1436 2955 deperditae
1485 2864 1647 2930 sint.
1700 2860 1959 2930 Plinius
2003 2862 2087 2930 de
2123 2861 2285 2931 silva
2327 2878 2394 2930 et

371 2954 737 3025 solitudine
794 2956 1055 3027 locutus
1112 2976 1293 3045 erat,
1356 2960 1440 3027 de
1484 2959 1751 3027 silentio
1808 2959 1990 3052 quod
2044 2960 2389 3027 venationi
2482 3027 2496 3037 ,

372 3051 596 3141 detur,
631 3053 715 3122 de
762 3055 1107 3124 montibus
1144 3057 1389 3150 quibus
1432 3055 1687 3126 inerret
1734 3058 2082 3142 Minerva3
2122 3055 2392 3124 Tacitus

374 3148 599 3218 villam
664 3151 830 3221 adit.
899 3153 968 3220 Si
1016 3151 1270 3222 litteras
1322 3179 1461 3223 non
1504 3180 1726 3223 secum
1775 3153 2068 3245 portavit
2098 3204 2116 3237 ‚
2183 3151 2298 3219 sed
2356 3178 2392 3220 e

372 3248 699 3316 memoria
755 3250 1147 3343 respondit,
1215 3251 1376 3344 quid
1414 3251 1680 3320 ‘mirum
1722 3249 2060 3322 similibus
2113 3247 2387 3342 quidem

316 3357 323 3360 ⁴
372 3368 526 3411 eum
570 3370 710 3413 non
755 3346 917 3415 vero
970 3346 1207 3415 iisdem
1254 3348 1476 3417 verbis
1520 3373 1713 3439 usum
1764 3372 1903 3416 esse
1949 3374 1963 3417 ε
2023 3345 2154 3415 Sed
2203 3362 2390 3416 tanta

371 3443 659 3534 penuria
705 3458 947 3513 est-ut·
982 3446 1305 3514 Minervae
1343 3462 1416 3545 etz
1447 3447 1721 3528 Dianae,
1780 3472 1945 3539 quas
1998 3446 2094 3514 ais
2125 3445 2396 3539 ‘pariter

448 3624 464 3653 ¹
503 3623 568 3675 L.
596 3624 645 3687 I,
676 3642 747 3676 v1.

446 3693 472 3723 ¹
508 3691 647 3744 Vide
669 3694 935 3748 Dissertat.
956 3696 1267 3762 Gutmanni‚
1295 3699 1398 3754 loc.
1425 3697 1573 3750 l'aud:

443 3763 468 3793 ⁸
504 3763 586 3814 Ne
604 3764 877 3817 minimum
901 3765 1114 3833 quidem
1152 3768 1364 3838 pondus
1388 3769 1546 3821 habet
1569 3769 1700 3820 illud
1733 3771 2120 3838 argumentum,
2155 3784 2316 3833 quum
2335 3766 2390 3818 in

371 3833 559 3886 eadem
576 3834 813 3904 epistola,
837 3838 874 3887 l.
900 3838 1000 3903 IX,
1021 3857 1198 3904 xxxvl,
1222 3839 1289 3892 ad
1307 3841 1530 3891 Fuscum
1545 3839 1630 3909 (de
1649 3838 1977 3891 industriane
1993 3856 2060 3889 an
2078 3836 2388 3906 negligentia

369 3904 608 3957 omiserit
630 3905 962 3960 Gutmannus
997 3911 1196 3978 nescio)
1210 3911 1321 3962 haec
1356 3911 1550 3962 scribat
1584 3922 1635 3961 et
1670 3908 1884 3977 quidem
1918 3918 2039 3960 ante
2063 3927 2122 3958 ea
2159 3926 2272 3975 quae
2310 3908 2394 3957 ille

369 3979 660 4046 excerpsit:
685 3996 710 4030 «
731 3978 774 4029 si
802 3978 1062 4031 vehiculum
1095 3981 1324 4046 ascendo,
1351 3981 1424 4032 ibi
1447 3997 1657 4049 quoque
1681 3978 1820 4030 idem
1844 3978 1985 4048 quod
2013 3979 2285 4030 ambulans
2306 3990 2394 4027 aut

363 4045 563 4114 jacens,
593 4048 750 4101 durat
770 4049 995 4102 intentio
1021 4052 1308 4104 mutatione
1333 4052 1443 4120 ipsa
1470 4052 1682 4101 refecta.
1715 4068 1738 4098 »
