2900 4678
1325 300 1711 366 ...20-

509 419 1109 531 vestigationibus,
1161 417 1532 486 scribentes
1593 414 1862 511 impulit
1906 430 1980 484 ut
2039 439 2177 483 sese
2229 414 2300 482 in
2357 438 2521 507 ope-

509 519 695 588 ribus
730 516 866 586 suis
907 516 1094 611 quasi
1130 515 1200 583 in
1248 540 1446 585 scena
1479 514 1705 609 aliqua
1742 513 2055 583 omnibus
2099 511 2522 606 conspicien-

510 617 632 685 dos
668 615 928 710 praebei
931 629 1079 682 ent
1062 637 1281 707 ,quos
1316 613 1668 682 nominare
1703 610 2134 707 supersedeO,
2159 635 2368 706 genus
2395 610 2522 678 ho·

511 714 772 783 minum
810 713 1100 807 signasse
1133 727 1519 782 contentus.
1587 790 1602 801 ο

1435 998 1611 1086 §5-

608 1201 814 1291 Quod
860 1202 915 1269 si
950 1201 1033 1269 ad
1074 1200 1360 1269 alterum
1394 1199 1566 1293 Apri
1601 1200 1672 1267 in
1711 1215 2012 1268 veterum
2046 1199 2342 1268 fautores
2382 1200 2526 1269 cri-

510 1326 669 1369 men
703 1299 1129 1386 accedamus,
1170 1320 1414 1389 nempe
1446 1295 1791 1391 longiores
1835 1295 1983 1365 illos
2021 1316 2163 1366 ‘esse
2208 1313 2275 1366 et
2317 1297 2524 1366 diffu-

513 1422 648 1486 sos,
690 1397 819 1466 erit
847 1420 1007 1464 sane
1051 1410 1126 1463 ut
1164 1394 1606 1481 admiremur,
1638 1395 1892 1463 crimen
1923 1391 2087 1463 illud
2124 1419 2248 1488 pro
2277 1396 2525 1465 virtute

513 1493 693 1589 apud
732 1493 1140 1562 recentiores
1173 1507 1440 1560 nostros
1478 1492 1711 1561 haberi
1755 1519 1770 1560 ε
1830 1492 1923 1560 ita
1958 1508 2031 1561 ut
2078 1493 2258 1586 quod
2294 1496 2526 1562 Romae

515 1590 938 1677 obsoletum,
982 1591 1159 1684 apud
1212 1615 1334 1658 nos
1388 1614 1639 1659 novum
1694 1604 1761 1659 et
1806 1589 2126 1659 floridum
2178 1606 2247 1659 et
2298 1590 2527 1660 diviti-s

515 1690 769 1783 ingenii
815 1687 1141 1757 indicium
1179 1688 1710 1785 existimaretur.⁴
1737 1689 1972 1781 Neque
2018 1687 2199 1755 enim
2233 1688 2529 1758 breviter

514 1812 591 1856 ac
624 1787 897 1881 praecise
932 1811 1076 1854 rem
1111 1785 1515 1879 depingunt,
1553 1810 1772 1880 neque
1807 1785 2035 1880 paucis
2061 1786 2286 1854 verbis
2313 1812 2526 1855 unum

515 1903 784 1954 sensum
813 1882 1191 1953 includunt.
1226 1883 1431 1970 Quod
1464 1884 1518 1951 si
1548 1907 1785 1954 eorum
1813 1881 2145 1952 dramata
2169 1884 2520 1973 intuearis,

515 2007 655 2050 non
723 1982 1022 2075 quinque
1074 1994 1260 2050 actus
1320 1980 1665 2050 sufficiunt
1718 1979 2115 2074 plerumque
2141 2033 2159 2067 ,
2222 1981 2336 2049 sed
2412 1998 2528 2051 aut

513 2082 796 2175 τριλογίᾳ
826 2093 1114 2148 utuntur
1154 2093 1268 2146 aut
1318 2079 1441 2146 sub
1478 2081 1802 2174 partiam
1841 2080 2115 2147 nomine
2154 2094 2339 2147 actus
2384 2078 2522 2147 dis-

514 2176 859 2264 simulant,
900 2193 1017 2245 aut
1052 2176 1315 2249 duobus
1343 2176 1545 2245 etiam
1580 2177 1819 2244 diebus
1855 2176 1924 2242 id
1961 2175 2201 2244 volunt
2238 2178 2471 2271 peragi*
2501 2204 2516 2245 :

513 2271 917 2369 multiplices
964 2289 1121 2344 sunt
1172 2299 1523 2368 personae,
1584 2272 1932 2369 multiplex
1978 2272 2242 2362 fabula,
2292 2275 2523 2344 multi-

516 2370 802 2465 plicibus
835 2371 999 2442 locis
1032 2397 1143 2441 res
1164 2373 1421 2466 agitur,
1461 2374 1599 2441 imo
1633 2387 1778 2440 tota
1805 2373 2125 2466 cujusque
2157 2374 2294 2441 vita
2335 2374 2523 2467 quasi

516 2484 833 2538 evocatur
875 2470 959 2537 ab
1012 2471 1209 2538 initio
1253 2470 1337 2538 ad
1382 2495 1673 2562 praesens
1723 2471 2048 2563 temporis
2097 2469 2453 2539 articulum
2500 2497 2516 2538 ε

413 2597 417 2601 >
515 2565 977 2660 magniloquas
1012 2553 1124 2637 hic
1161 2567 1397 2635 audile
1424 2581 1550 2650 est,
1592 2582 1665 2635 ut
1701 2568 1918 2635 Graeci
1957 2583 2230 2653 vocant,
2276 2578 2521 2662 μονολο-

513 2667 652 2760 γίας
680 2690 827 2759 quae
854 2666 976 2734 etsi
1006 2664 1512 2760 pulchritudine
1541 2679 1606 2732 et
1641 2664 1981 2755 majestate
2010 2665 2352 2734 interdum
2383 2691 2521 2735 non

515 2761 849 2832 destitutae
881 2778 1075 2851 sunt,
1110 2778 1333 2831 tamen
1367 2762 1652 2854 fatigant
1679 2762 2064 2831 audientem
2094 2779 2161 2832 et
2190 2763 2521 2832 verisimi-

512 2856 870 2929 litudinem
921 2861 1198 2930 minime
1248 2860 1546 2927 retinent
1587 2888 1602 2928 :
1655 2860 1727 2928 in
1768 2860 1899 2929 hoc
1944 2861 2218 2954 quidem
2266 2876 2523 2930 veteres

415 3029 419 3034 ,
513 2959 730 3025 nostri
779 2983 966 3050 aeque
1014 2982 1090 3025 ac
1136 2958 1544 3026 recentiores
1590 2973 1873 3052 peccant
1908 2960 2268 3052 scriptores
2317 2984 2335 3029 ε
2394 2958 2523 3028 fuit

512 3053 655 3123 haec
701 3054 1217 3168 septimidecimi
1265 3055 1486 3124 saeculi
1542 3072 1896 3150 poetarum
1952 3056 2148 3169 culpa
2206 3072 2283 3124 ut
2332 3055 2523 3125 lenta

499 3153 901 3247 prtnczpia,
947 3150 1114 3248 long
1073 3154 1292 3221 ‹rz‘ores
1334 3170 1820 3241 ηαιψαίιοηω,
1875 3156 2082 3224 otlosi
2120 3158 2478 3224 excessas¹
2490 3209 2512 3239 ,

502 3250 772 3343 jejunus
793 3249 1003 3339 color,
1035 3251 1274 3320 crebro
1301 3251 1599 3366 legentes
1622 3253 2029 3321 offenderet.
2052 3255 2147 3321 Ac
2183 3253 2519 3322 recentio-

511 3370 618 3414 res
654 3346 760 3414 his
800 3347 980 3416 vitiis
1021 3348 1188 3417 adeo
1231 3350 1473 3418 offensi
1513 3352 1734 3419 m'inus
1763 3365 1989 3419 tamen
2031 3350 2169 3419 ab
2154 3351 2234 3419 iis
2277 3351 2521 3419 abhor-

511 3460 797 3513 ruerunt
837 3471 853 3512 ε
896 3446 1080 3540 quod
1114 3447 1167 3515 si
1205 3448 1277 3515 in
1317 3447 1569 3516 medias
1603 3472 1707 3516 res
1752 3439 2071 3517 festinare
2113 3473 2180 3515 se
2219 3448 2515 3541 jactant,

504 3541 575 3608 id
603 3567 726 3637 ego
763 3546 950 3637 parvi
987 3544 1242 3613 aestimo
1276 3544 1356 3632 si,
1397 3545 1508 3613 vix
1540 3545 1849 3639 ingressi,
1891 3547 2185 3641 origines
2219 3562 2287 3614 et
2324 3546 2519 3614 initia

508 3657 851 3734 repetant,
906 3665 1092 3709 suam
1144 3641 1352 3710 vitam
1394 3658 1774 3712 anteactam
1824 3659 2209 3731 recantent,
2275 3643 2522 3737 quibus

505 3762 748 3831 parum
783 3754 1143 3807 moventur
1178 3740 1589 3809 audientes.
1631 3741 1972 3837 colloquio
2017 3741 2166 3836 plus
2214 3740 2522 3810 detraxe·

452 3881 455 3886 -
506 3852 694 3922 runt,
734 3850 801 3903 at
839 3836 907 3903 in
945 3834 1284 3930 longiores
1318 3839 1638 3909 aberrant
1673 3840 2100 3910 narrationes
2124 3854 2191 3909 et
2217 3838 2520 3934 plerum-

545 4054 564 4085 ¹
593 4055 653 4109 C.
683 4072 813 4108 xxti.
