2900 4678
1188 331 1580 401 ....53...

378 455 548 523 tium
598 454 944 544 relictum,
985 453 1284 552 aliusque
1329 456 1542 527 codex
1581 458 1946 527 Vaticanus
1984 471 2225 526 notat.
2263 459 2394 528 Hic

378 577 485 622 sex
542 551 826 647 plagulae
887 554 1156 624 desunt.
1212 557 1359 626 Jam
1413 554 1972 650 locupletissimus
2024 551 2135 623 ille
2181 556 2391 625 codex

377 675 577 743 quem
622 652 989 722 T‘rossius
973 678 1043 721 in
1090 653 1403 723 Leidensi
1450 652 1860 723 bibliotheca
1889 654 2228 766 inspexit,
2275 654 2393 723 ad-

374 749 625 841 scripta
666 751 736 819 in
777 751 1082 847 margine
1126 752 1627 822 annotatione.
1674 780 1710 818 κ
1744 751 2078 820 deerant
2062 775 2132 819 in
2170 776 2392 821 exem-

375 844 548 940 plari
576 872 689 916 sex
721 847 996 943 pagellae
1015 864 1342 921 vetustate
1369 853 1772 979 corruptae²,
1818 878 1854 917 >a
1883 847 2098 918 simile
2135 848 2391 944 aliquid

357 959 681 1014 ‘testatur.

471 1042 657 1131 Quid
678 1069 838 1112 vero
865 1044 996 1115 hoc
1024 1046 1324 1117 multum
1355 1043 1640 1118 deficit?
1661 1061 1773 1115 aut
1800 1043 2027 1158 quales
2039 1044 2394 1142 pagellae?

363 1141 504 1234 jam
536 1165 675 1210 rem
707 1141 847 1210 fere
871 1142 1067 1213 solvit
1085 1145 1193 1215 vir
1217 1144 1642 1233 doctissimus
1673 1143 2222 1237 acutissimusque
2257 1146 2395 1239 Eg-

370 1263 595 1333 gerus,
618 1239 763 1333 qui,
794 1242 1023 1333 paucis
1042 1242 1291 1311 abhinc
1308 1242 1528 1331 annis,
1551 1242 1620 1310 in
1641 1240 2050 1311 bibliotheca
2068 1241 2249 1335 regia
2272 1243 2396 1310 Pa-

371 1336 635 1406 risiensi
665 1362 913 1407 novum
936 1340 1265 1429 codicem,
1291 1338 1654 1434 Dialogum
1675 1339 1760 1407 de
1778 1337 1973 1408 claris
1990 1338 2397 1408 Oratoribus

370 1436 858 1522 continentem,
885 1436 1169 1525 detexit3
1195 1462 1539 1532 quumque
1566 1436 1866 1508 codicem
1892 1437 2080 1505 omni
2105 1460 2183 1504 ex
2202 1450 2397 1530 parte

370 1532 845 1627 perspexisset,
895 1534 1404 1630 fasciculosque,
1454 1534 1697 1629 quibus
1739 1548 2038 1623 constat,
2086 1548 2395 1603 accurate

371 1631 885 1723 percensuisset,
926 1648 1020 1723 et,
1054 1634 1586 1727 quinquernioni
1621 1631 1744 1720 illi,
1787 1656 1922 1744 quo
1956 1628 2195 1701 lacuna
2232 1656 2395 1701 con-

372 1728 654 1816 tinetur,
704 1754 946 1799 novem
993 1730 1180 1819 folia,
1221 1733 1355 1801 hoc
1385 1745 1485 1799 est
1528 1732 1620 1801 48
1655 1731 1935 1825 paginas
1984 1728 2232 1798 deesse
2247 1730 2390 1797 ani·
2431 1727 2435 1732 ’

370 1824 871 1914 madvertisset,
915 1828 1006 1898 ita
1040 1828 1125 1898 de
1157 1829 1289 1900 hoc
1321 1828 1635 1897 disserit·

269 1932 275 1937 ’
474 1951 510 1991 «
545 1925 936 2004 Habemus
919 1928 1128 2021 igitur
1159 1919 1244 1996 de
1280 1924 1518 1997 lacuna
1552 1926 1799 1995 certius
1832 1924 2159 1998 indicium
2188 1949 2394 2019 quam

369 2022 608 2116 quod
592 2049 661 2091 in
696 2023 1027 2094 Vaticano
1053 2026 1246 2096 4498
1282 2024 1620 2094 docebant
1652 2023 1899 2093 verba.
1936 2025 2066 2093 Hic
2102 2022 2392 2093 multum

367 2119 633 2208 deficit,
667 2122 737 2188 in
759 2122 1092 2191 Vaticano
1118 2126 1146 2192 ‘l
1169 2127 1244 2194 54
1265 2124 1358 2193 8:
1388 2123 1519 2192 Hic
1552 2122 1794 2192 desunt
1819 2146 1928 2192 sex
1953 2118 2225 2216 pagellae
2247 2118 2394 2217 (alii

370 2216 724 2314 plagulae)·
707 2272 724 2307 ,
757 2219 827 2287 in
856 2221 1290 2307 Farnesian0,
1322 2219 1692 2290 secundum
1718 2219 2197 2306 Niebuhrium,
2228 2219 2395 2288 inte-

367 2342 487 2411 gra
509 2342 697 2412 paene
717 2318 962 2428 pagina
980 2343 1222 2388 vacua.
1246 2316 1543 2387 Multum
1563 2316 1828 2388 deficit
1811 2343 1881 2385 in
1901 2316 2393 2411 exemplaribus

370 2439 519 2508 quae
566 2415 1093 2509 reperiuntur...
1139 2417 1459 2486 ‚Nostrae
1492 2417 1672 2485 enim
1721 2415 2095 2485 octodecim
2130 2415 2391 2510 paginae

370 2512 533 2606 quid
561 2512 910 2582 continere
936 2513 1297 2583 debuerint
1323 2515 1483 2583 satis
1511 2512 1848 2608 probabili
1876 2538 2188 2582 mensura
2226 2509 2393 2581 defi-

369 2610 519 2679 nire
551 2635 928 2705 possumus,
972 2610 1161 2682 Folia
1193 2609 1386 2707 571„
1422 2612 1493 2680 id
1527 2628 1626 2681 est
1663 2612 1925 2705 paginae
1960 2614 2130 2700 405,
2161 2635 2393 2704 super-

365 2708 594 2777 stitem
626 2707 895 2803 Dialogi
925 2723 1186 2803 partem
1224 2710 1294 2776 in
1329 2710 1563 2778 codice
1587 2709 1774 2804 regio
1805 2707 2383 2803 complectuntur3

369 2803 604 2873 eadem
662 2805 952 2876 Schulzii
1005 2806 1034 2901 (
1058 2832 1214 2876 nam
1273 2808 1326 2877 is
1379 2807 1509 2876 fuit
1563 2807 1648 2876 ad
1702 2832 1976 2876 manum
2018 2805 2389 2900 scribenti)

375 2903 569 2976 4254
601 2904 898 2974 versibus
945 2904 1408 2975 absolvuntur.
1455 2910 1615 2974 Una
1648 2930 1809 3000 ergo
1845 2904 2096 2975 codicis
2133 2901 2391 2999 pagella

370 2998 783 3070 Schulzianae
817 3001 1137 3073 editionis
1178 3003 1539 3072 duodecim
1582 3004 1721 3072 fere
1760 3027 1987 3071 versus
2030 3003 2381 3089 continct3

374 3099 466 3167 ¹18
519 3096 918 3193 pagellae—
822 3131 919 3142 ·-
952 3101 1096 3171 246
1148 3126 1399 3188 versus,
1450 3100 1519 3168 id
1563 3117 1688 3189 est,
1732 3099 2085 3214 septimam
2118 3097 2389 3194 Dialogi

372 3210 651 3290 partem.
711 3199 1046 3291 Equidem
1088 3200 1214 3270 hac
1248 3198 1460 3267 fretus
1502 3197 1912 3267 calculorum
1947 3200 2209 3266 ratione
2238 3221 2385 3266 om-

369 3294 568 3364 nibus
596 3297 1048 3366 recentiorum
1083 3297 1168 3367 de
1202 3295 1664 3409 magnitudine
1696 3295 1951 3365 lacunae
1984 3295 2391 3389 conjecturis

367 3391 658 3463 libenter
687 3392 1157 3483 valedicerem,
1198 3396 1327 3465 nisi
1357 3411 1735 3490 reputarem
1763 3419 1997 3463 omnes
2029 3390 2176 3463 illas
2209 3418 2390 3462 meas

366 3492 882 3603 supputationes
926 3493 1010 3562 ab
1062 3494 1277 3588 ignoti
1315 3490 1574 3563 librarii
1601 3492 1860 3587 judicio
1894 3492 1978 3561 de
2012 3493 2112 3561 sui
2147 3492 2386 3561 arche-

368 3590 516 3681 typi
564 3588 831 3659 defectu
878 3590 1199 3691 pendere.
1254 3594 1354 3661 Eo
1409 3606 1634 3661 tamen
1690 3617 1814 3660 me
1842 3587 2156 3661 consolor
2202 3588 2386 3683 quod

441 3820 458 3851 ¹
498 3819 596 3872 Hae
638 3840 728 3874 sex
758 3823 979 3895 pagella
987 3824 1082 3908 (si
1105 3824 1329 3877 credere
1346 3824 1527 3877 liceret
1557 3826 1855 3878 Pontanum
1878 3821 2100 3875 totidem
2133 3822 2296 3875 lineas
2330 3824 2389 3874 in

361 3892 545 3962 quavis
582 3893 788 3964 pagella
820 3896 1111 3979 scripsisse,
1134 3909 1263 3967 quot
1286 3897 1342 3949 in
1368 3908 1539 3949 vetere
1567 3897 1659 3948 illo
1689 3895 1974 3967 exemplari
1996 3894 2215 3964 scriptas
2234 3912 2387 3965 repe·

250 3977 263 3986 ‘
360 3964 532 4035 risset)
573 3978 801 4034 quatuor
839 3967 947 4018 fere
985 3969 1234 4038 paginas,
1263 3968 1441 4038 quales
1484 3968 1539 4018 in
1578 3980 1755 4019 nostra
1795 3978 1916 4018 sunt
1956 3958 2187 4018 editione
2222 3964 2240 4034 (
2255 3982 2385 4034 qua-

362 4052 483 4159 rrdim
516 4053 737 4105 quaeque
766 4037 953 4107 viginti
996 4040 1227 4091 versibus
1257 4037 1569 4109 absolvitur)
1610 4038 1839 4091 effecisse
1877 4035 2142 4090 videntur.
2186 4035 2383 4088 Trossii

361 4123 391 4157 a
431 4118 544 4159 not.
