2900 4678
1353 266 1741 339 ...42-

529 391 739 460 nimio
782 415 858 459 ac
905 390 1091 476 luxu,
1148 389 1518 483 satiataque
1570 387 1891 458 fatiscunt
1961 387 2273 484 ingenia,
2329 393 2553 462 oratio

525 487 641 557 illa
698 512 847 581 quae
909 488 1109 555 nimis
1174 489 1492 580 castigata
1557 502 1657 556 est
1723 502 1790 556 et
1840 483 2048 557 veluti
2101 487 2171 556 in
2226 490 2549 584 angustiis

524 584 779 654 inclusa
823 585 990 672 fuit,
1044 584 1329 654 claustra
1381 580 1536 673 illa,
1586 601 1664 655 ut
1711 584 1807 653 ita
1855 582 2118 673 dicam,
2181 586 2553 681 refringere

523 698 847 771 conatur,
902 698 969 751 et
1009 705 1186 752 nova
1232 681 1543 778 placendi
1597 682 1839 752 itinera
1891 677 2158 776 quaerit,
2209 683 2552 753 sordentia

524 775 955 850 adsciscendo
975 778 1183 850 verba
1210 796 1277 849 et
1302 778 1626 852 vocabula
1655 805 1693 848 a
1721 776 1916 874 plebe
1947 780 2345 851 mutuando.
2372 782 2544 850 Tum

523 877 693 947 nihil
729 877 942 947 laetius
967 893 1065 947 est
1095 903 1298 971 quarn
1327 877 1379 946 si
1410 874 1817 972 depingatur
1846 901 2067 946 sermo
2110 877 2333 947 verbis
2358 879 2555 949 obso-

527 973 677 1044 letis
724 1001 802 1046 ac
841 974 1048 1063 tritis,
1091 977 1145 1044 si
1181 977 1551 1070 pugnantia
1589 976 1769 1044 inter
1801 999 1870 1044 se
1911 990 2443 1062 connectantur,
2493 978 2549 1047 si

522 1082 716 1142 atrox
766 1088 833 1142 et
885 1074 1146 1167 impexa
1193 1098 1323 1142 vox
1364 1088 1481 1141 aut
1526 1073 1884 1142 inhonesta
1930 1072 2134 1141 etiam
2182 1073 2543 1144 inseratur.

520 1171 749 1239 Verba
784 1195 1055 1264 quoque
1091 1171 1162 1238 in
1198 1168 1545 1239 insolitum
1582 1169 1858 1238 modum
1898 1158 2326 1259 ordinantur,
2359 1169 2550 1241 clau-

425 1323 428 1329 ,
523 1266 683 1336 sulae
713 1267 888 1337 fiunt
919 1267 1289 1363 singulares
1326 1293 1601 1362 prorsus
1646 1283 1714 1336 et
1758 1267 1948 1336 mirae
1981 1268 2345 1338 verborum
2379 1294 2548 1338 con-

519 1362 1024 1457 glutinatione&
1071 1366 1412 1434 Sensimus
1459 1365 1591 1433 hoc
1643 1365 2057 1458 nuperrime,
2101 1381 2168 1434 et
2215 1364 2551 1436 dramata

521 1461 966 1531 obversantur
995 1462 1190 1531 nobis
1223 1462 1341 1530 ubi
1370 1463 1729 1556 proprium
1758 1488 2021 1556 semper
2041 1463 2322 1541 verbum
2345 1456 2552 1533 collo-

443 1554 447 1559 ’
520 1554 827 1649 cabatur,
851 1560 920 1628 id
942 1575 1065 1648 est,
1089 1554 1343 1628 foedum
1363 1585 1440 1629 ac
1462 1559 1622 1629 foedi
1644 1586 1816 1655 saepe
1835 1564 2088 1630 sensus,
2112 1561 2552 1632 Meminimus

519 1656 845 1750 imagines
885 1656 1027 1726 illas
1067 1682 1104 1724 e
1146 1658 1490 1727 communi
1533 1658 1705 1746 vita,
1746 1659 1883 1728 sive
1930 1658 2157 1751 potius
2194 1684 2273 1727 ex
2316 1659 2550 1729 infima

518 1770 888 1848 excerptaS‚
920 1780 1083 1848 quas
1109 1755 1344 1824 audire
1369 1757 1570 1824 etiarn
1606 1756 1792 1827 nefas
1830 1756 2086 1843 fuisset,
2123 1757 2217 1832 ita
2252 1772 2354 1844 ut,
2394 1782 2550 1829 me-

520 1851 819 1942 hercule,
845 1855 987 1946 jam
1024 1878 1240 1947 prope
1274 1855 1577 1923 inversus
1614 1853 1820 1923 fuerit
1856 1852 1966 1922 ille
2001 1852 2228 1922 Bollaei
2259 1880 2488 1925 versus
2523 1883 2542 1926 ε

638 1993 714 2050 Ce
738 1996 904 2068 qu'on
930 2013 1003 2050 ne
1028 1995 1151 2052 doit
1168 1994 1335 2070 point
1358 1993 1494 2063 noir,
1525 1998 1700 2069 qu’un
1725 1994 1869 2049 reicit
1890 2008 2028 2048 nous
2056 1992 2356 2067 l'expose*.

513 2142 913 2216 Maluissent
958 2171 1202 2240 nempe
1244 2162 1653 2240 spectatores
1700 2171 1844 2216 rem
1895 2145 2108 2239 ipsam
2155 2143 2367 2215 oculis
2409 2147 2552 2217 suis

514 2244 755 2337 subjici
793 2268 994 2338 quam
1019 2259 1155 2314 tam
1179 2244 1356 2313 foede
1379 2243 1750 2313 enuntiari.

607 2343 873 2413 Horum
926 2343 1219 2413 duorum
1286 2342 1877 2414 incommodorum
1930 2337 2216 2412 alterum
2267 2341 2548 2436 quidem

511 2455 793 2535 apparet
847 2437 1090 2510 litteris
1147 2441 1632 2529 exorientibuS,
1690 2439 1977 2510 alterum
2029 2439 2543 2513 inclinantibus·

510 2537 819 2608 Alterum
870 2538 1179 2609 debilitat
1236 2555 1644 2635 enervatque
1701 2538 2129 2627 orationem,
2173 2554 2242 2607 et
2296 2553 2547 2607 nostrae

511 2636 840 2730 imprimis
874 2634 1119 2731 linguae
1150 2635 1371 2732 gallici
1403 2636 1555 2707 salis
1588 2653 1656 2706 et
1688 2636 2014 2706 acuminis
2041 2637 2178 2705 vim
2209 2635 2539 2723 detraxit3

510 2731 795 2802 alterum
832 2734 1181 2828 depravat,
1207 2750 1274 2804 et
1293 2761 1503 2830 quum
1522 2736 1677 2805 vitae
1705 2733 2262 2804 consuetudinem
2292 2759 2545 2828 reprae-

507 2847 774 2901 sentare
811 2833 1088 2927 cogitat,
1126 2848 1697 2927 repraesentantur
1729 2833 1896 2901 vitia
1927 2831 2255 2900 sermonis
2287 2857 2363 2902 ac
2391 2857 2545 2900 mol-

509 2954 686 3018 rum,
715 2955 853 2998 non
877 2929 1002 3025 ipsi
1025 2931 1306 3002 affectus
1328 2957 1347 3018 3
1387 2931 1852 3024 corrumpitur
1876 2944 2039 2999 tunc
2058 2929 2276 2998 oratio
2297 2944 2364 2997 et
2388 2954 2546 2998 cor-

508 3026 772 3122 ruptela
826 3026 980 3116 illa,
1039 3044 1107 3099 et
1164 3028 1531 3099 verborum
1588 3027 1892 3115 ludicra,
1926 3042 2027 3095 'ut
2080 3025 2302 3095 dicam
2353 3029 2541 3120 quod

506 3125 757 3213 sentiO,
814 3151 953 3194 non
1001 3128 1224 3196 minus
1273 3126 1501 3200 damni
1538 3125 1810 3221 publico
1842 3123 2101 3218 judicio
2137 3122 2382 3193 afferre
2433 3125 2545 3193 vi-

506 3217 756 3292 dentur
783 3238 983 3318 atque
1010 3223 1173 3293 olim
1213 3222 1500 3319 publicis
1534 3223 1839 3295 moribus
1873 3221 2250 3293 afferebant
2286 3219 2547 3316 gladia-

507 3334 733 3396 torum
772 3345 1038 3416 pugnae.
2425 3335 2428 3336 ’

1415 3489 1610 3583 §ss.

599 3677 754 3747 Non
790 3676 1013 3745 minus
1049 3676 1392 3746 invehitur
1424 3677 1707 3748 Messala
1729 3682 1775 3768 ¹¹,
1818 3694 1884 3747 et
1912 3661 2066 3774 jure
2104 3670 2379 3775 quidem
2403 3731 2423 3767 ,
2463 3679 2539 3747 in

410 3781 411 3784 ’
503 3796 704 3843 vanas
758 3772 902 3843 illas
958 3774 1469 3846 exercitationes
1519 3791 1589 3848 et
1638 3776 2049 3847 exercitandi
2116 3775 2442 3849 materias*
2498 3802 2539 3843 a

575 3970 590 3999 ¹
631 3974 723 4020 Art
776 3975 874 4025 oe‘t.
900 3971 1064 4026 ebant
1091 3941 1168 4038 11,
1194 3993 1250 4028 v.
1277 3978 1338 4027 5¹
1356 4013 1369 4027 .

571 4040 595 4070 ¹
632 4041 730 4089 Dia
759 4079 770 4091 .
799 4060 847 4091 c.
875 4059 1055 4095 xxxvx.
