2900 4678
1180 324 1573 395 ...47-

461 448 779 517 Materno
822 447 1096 541 quidem
1133 447 1541 535 accedimus,
1581 448 1906 542 magnam
1932 447 2387 545 eloquentiam

360 545 709 632 asserenti,
744 570 882 613 non
908 545 1035 614 nisi
1063 546 1132 616 in
1155 547 1401 639 agitata
1431 547 1702 616 civitate
1735 546 1978 630 florere
2006 574 2226 641 posse,
2262 577 2387 620 nec

356 640 749 736 eloquentia
781 642 976 711 simul
1004 658 1071 712 et
1095 645 1321 736 quiete
1349 643 1775 738 frui'gentem
1807 645 2036 713 ullam.
2082 648 2386 718 Postulat

360 736 474 808 illa
530 740 803 837 quidem
828 792 846 829 ,
906 742 1007 809 uti
1047 741 1295 839 vigeat,
1360 742 1620 811 huncce
1680 767 1905 810 rerum
1960 743 2384 835 publicarum

359 853 607 907 statum
647 838 763 906 ubi
791 838 1289 907 administratio
1317 839 1605 909 civitatis
1632 854 1699 908 et
1733 840 2053 908 ordinum
2098 842 2276 910 inter
2316 860 2385 913 se

357 937 831 1004 contentiones
879 936 1281 1030 quotidiano
1318 939 1508 1030 quasi
1550 937 1822 1006 turbine
1868 955 2259 1025 versentur,
2319 957 2385 1010 et

357 1034 612 1102 hancce
659 1034 906 1102 civium
952 1035 1159 1105 vitam
1209 1033 1326 1102 ubi
1369 1033 1581 1104 libere
1637 1048 1705 1104 et
1773 1036 1912 1103 suis
1976 1049 2044 1103 et
2101 1036 2388 1129 publicis

358 1130 646 1225 quisque
689 1133 900 1225 possit
931 1129 1336 1215 utilitatibus
1390 1131 1788 1201 consulere:
1846 1157 2112 1201 necesse
2166 1150 2268 1202 est
2310 1151 2386 1204 ut

356 1227 583 1297 forum
620 1230 1017 1322 quotidiana
1050 1230 1563 1298 conversatione
1598 1226 1848 1317 colant,
1879 1244 1947 1298 et
1981 1230 2049 1297 in
2080 1230 2383 1302 tribuna-

356 1324 534 1396 libus
568 1327 840 1421 patroni
884 1327 1111 1396 liberae
1162 1329 1312 1397 voci
1346 1325 1608 1396 nullum
1642 1328 1910 1395 frenum
1945 1328 2376 1421 imponatur3

353 1420 547 1493 alunt
593 1424 776 1493 enim
835 1439 904 1494 et
953 1440 1330 1494 sustentant
1388 1423 1845 1519 eloquentiam
1900 1425 2264 1495 tribunalia
2316 1443 2382 1498 et

356 1522 746 1610 conciones,
793 1537 860 1591 et
897 1523 1124 1593 nescio
1158 1546 1244 1593 an
1284 1547 1474 1618 aequa
1510 1523 1593 1593 ab
1632 1539 1918 1616 utraque
1952 1520 2204 1593 defluat
2236 1548 2379 1593 ma—

352 1620 681 1689 teriarum
711 1621 961 1715 copia¹.

455 1718 783 1787 Videmus
826 1720 1111 1789 Athenis
1169 1719 1700 1789 Demosthenem
1748 1720 1884 1787 sive
1935 1719 2006 1787 in
2055 1735 2312 1789 tutores
2329 1724 2376 1809 ¹,

350 1817 494 1886 sive
554 1816 867 1887 adversus
926 1842 1082 1886 eum
1138 1818 1254 1911 qui
1297 1817 1519 1910 ipsum
1565 1831 1980 1910 percusserat
2001 1818 2045 1905 ³,
2101 1817 2239 1886 sive
2297 1816 2381 1887 de

356 1915 642 1984 Corona
690 1929 996 2010 agentem
1038 1940 1226 2009 aeque
1273 1914 1730 1985 admiratione
1776 1914 2098 2007 dignum3
2149 1917 2381 1984 Romae

352 2011 657 2106 quidem,
692 2013 835 2107 ipse
860 2015 963 2081 M.
997 2012 1278 2104 Tullius,
1320 2037 1669 2106 nunquam
1698 2013 1909 2106 magis
1937 2012 2195 2080 animos
2222 2038 2377 2105 per-

351 2108 537 2179 cellit
560 2127 626 2179 et
653 2111 824 2204 regit
859 2127 925 2180 et
952 2113 1025 2180 in
1068 2110 1471 2205 eloquentiae
1514 2109 1800 2180 fulmina
1838 2110 2134 2203 erumpit
2177 2135 2377 2203 quam

354 2208 429 2275 in
446 2209 830 2302 ingentibus
859 2207 987 2278 illis
1004 2209 1383 2278 forensibus
1413 2209 1628 2279 causis
1651 2233 1813 2302 quas
1839 2222 2076 2276 contra
2093 2210 2377 2276 Verrem

353 2320 471 2374 aut
505 2332 630 2400 pro
656 2305 916 2374 Milone
950 2307 1155 2394 dixit,
1199 2322 1266 2374 et
1314 2309 1385 2374 in
1427 2304 1655 2374 multis
1683 2303 1855 2392 aliis,
1886 2330 2034 2398 quae
2064 2307 2377 2390 ,omnium

353 2403 598 2472 animis
633 2404 1117 2493 obversantur;
1159 2419 1428 2490 contra,
1469 2402 1729 2471 domita
1757 2401 2105 2490 libertate,
2152 2417 2378 2499 torpet

353 2500 892 2596 obmutescitque
926 2500 1038 2570 illa
1071 2501 1458 2595 eloquentia
1492 2499 1777 2569 licentiae
1814 2497 2108 2569 alumna.

453 2601 654 2693 Apud
685 2626 805 2669 nos
828 2599 1129 2692 quidem,
1151 2601 1435 2694 septimo
1458 2598 1721 2666 decimo
1742 2596 2009 2684 saecu10,
2043 2622 2129 2666 ne
2159 2599 2369 2698 ipsam

354 2696 630 2790 quidem
657 2696 1043 2792 judicialem
1077 2698 1381 2766 floruisse
1410 2695 1865 2790 eloquentiam
1896 2695 2208 2783 dixerim,
2245 2697 2374 2764 nisi

256 2853 265 2860 .
354 2794 535 2885 forte
555 2795 624 2863 in
639 2796 871 2865 Patrui
895 2796 1371 2865 orationibus&
1392 2792 1598 2881 Quod
1627 2792 1712 2862 ad
1733 2791 2009 2862 alteram
2032 2791 2214 2862 illam
2236 2793 2373 2863 elo·

357 2894 738 2985 quentiam,
776 2918 1018 2988 nempe
1043 2892 1381 2988 publicam
1418 2907 1485 2961 et
1520 2889 1953 2986 popularem,
2000 2915 2085 2959 ne
2121 2892 2376 2961 exstitit

355 2990 631 3083 quidem
649 3044 667 3080 ,
694 2990 878 3061 nulla
899 2992 1106 3085 ipsius
1130 3016 1325 3061 causa
1346 3005 1686 3060 manente.
1726 2990 1923 3057 Acuti
1948 3002 2249 3056 veterum
2278 3014 2379 3081 re·

354 3113 509 3155 rum
526 3088 951 3183 indagatores
971 3115 1095 3159 nos
1112 3090 1382 3177 docent,
1404 3090 1474 3156 in
1500 3087 1818 3181 inquietis
1838 3086 2003 3156 sexti
2022 3085 2295 3153 decimi⁸
2311 3102 2378 3156 et

352 3186 738 3280 incipientis
781 3188 1046 3281 septimi
1087 3188 1328 3257 decimi
1367 3185 1628 3255 saeculi⁶
1664 3184 2081 3287 temporibus
2112 3182 2374 3252 civilem

351 3282 808 3378 eloquentiam
824 3287 982 3355 satis
1001 3285 1289 3375 fulsisse,
1310 3285 1415 3353 his
1436 3285 1508 3353 in
1528 3282 1813 3352 turbidis
1840 3281 2371 3377 tempestatibuS,

350 3381 472 3449 ubi
502 3383 571 3451 in
599 3385 849 3478 regiam
873 3398 1272 3478 potestatem
1299 3396 1668 3478 grassatum
1695 3395 1826 3469 est3
1855 3404 2012 3449 sane
2034 3395 2196 3449 tunc
2222 3405 2375 3450 ora-

431 3593 446 3623 ¹
485 3594 614 3647 vid.
632 3573 939 3661 Villemain,
956 3595 1299 3647 Dix-lzuitc‘eme
1309 3596 1467 3661 siecle,
1496 3596 1604 3648 1110
1596 3592 1807 3716 dpartie,
1825 3612 1982 3664 pages
2004 3596 2102 3647 351
2123 3604 2174 3646 et
2191 3611 2375 3662 seq.—

355 3664 528 3727 Idem‚
543 3667 831 3720 Nouveaux
852 3669 1131 3739 melanges,
1148 3674 1222 3718 De
1235 3669 1283 3718 la
1300 3668 1578 3739 corruption
1632 3687 1680 3717 es
1700 3667 1865 3718 lettres
1891 3669 2146 3730 romaines,
2159 3665 2371 3738 passim.

427 3735 450 3765 ²
486 3736 750 3794 Plutarch.
808 3739 866 3792 in
923 3741 1041 3790 Vita
1096 3740 1427 3793 Demosthenis
1443 3779 1461 3802 ,
1511 3758 1561 3792 c.
1611 3755 1666 3791 vx
1686 3779 1700 3802 ,
1748 3750 1788 3789 t.
1842 3738 1922 3788 lv
1938 3777 1952 3802 ,
2004 3736 2135 3790 edit.
2191 3735 2371 3790 Reisk.

249 3820 260 3829 ⁰
350 3806 563 3879 Lipsiae,
591 3811 748 3864 1776.

424 3878 448 3909 ⁸
483 3878 658 3945 Idem,
680 3879 896 3932 ibidem.

422 3951 447 3983 ⁴
484 3950 615 4005 Vid.
642 3952 717 4005 La
745 3952 944 4024 Harpe,
972 3956 1145 4024 Lyce'e,
1175 3966 1217 4007 t.
1242 3954 1372 4020 VII,
1391 3972 1441 4007 c.
1464 3969 1502 4008 ι.

324 4045 327 4054 ’
422 4023 445 4054 ⁸
481 4023 644 4092 vitet,
669 4013 817 4075 Etats
851 4024 912 4075 de
935 4024 1089 4075 Blois.

423 4094 447 4124 ⁸
487 4096 553 4147 A.
579 4095 830 4161 Poirson,
855 4084 1001 4147 Etats
1016 4098 1267 4165 gdne'mux
1289 4094 1359 4147 de
1387 4096 1548 4148 1614.
