2900 4678
1352 319 1734 388 ...24-

533 444 977 542 displicebat3
1019 465 1258 537 magna
1296 440 1408 510 illa
1435 456 1504 511 et
1538 442 1814 533 antiqua
1848 442 2275 537 simplicitate
2310 443 2551 515 lassata

536 544 807 639 ingenia
845 541 1121 611 facetius
1161 539 1414 634 aliquid
1463 554 1531 608 et
1567 538 1853 632 lepidius
1907 542 2308 634 poscebant,
2362 544 2547 637 quod

520 640 854 712 -radiaret
899 652 966 708 et
1020 639 1295 707 niteret.
1354 640 1535 731 Ergo
1591 661 1630 705 a
1680 637 1896 731 poetis
1947 640 2433 709 mutuabantur
2482 656 2552 710 et

533 739 740 809 verba
773 753 839 806 et
872 735 1129 806 lumina
1162 760 1343 829 quae,
1383 736 1507 804 etsi
1545 734 1865 829 peculiari
1905 738 2201 806 materiae
2247 739 2357 807 vix
2393 763 2552 807 con-

536 836 903 931 gruebant,
937 858 1016 902 ex
1052 834 1470 927 optimorum
1504 849 1731 902 vatum
1763 835 2081 903 sacrario
2101 834 2396 930 prolata
2427 837 2552 905 ho-

534 935 749 1003 mines
774 932 968 1002 valde
988 932 1340 1024 juvabant.
1381 931 1493 998 Sic
1521 946 1588 998 et
1622 930 1801 1025 apud
1839 956 1959 999 nos
1995 934 2298 1025 poeticus
2332 934 2552 1005 cultus

534 1056 612 1101 ac
644 1030 830 1099 nitor
866 1054 1007 1099 non
1041 1027 1402 1097 infeliciter
1437 1027 1733 1096 solutum
1761 1052 2141 1098 sermonem
2176 1032 2419 1100 invasit
2451 1047 2548 1120 et,

532 1129 802 1222 auspice
837 1125 955 1195 illo
993 1127 1262 1220 egregio
1310 1140 1377 1194 et
1420 1125 1637 1194 faceto
1681 1127 2050 1219 scriptore,
2107 1129 2223 1220 qui
2265 1143 2401 1197 tam
2437 1154 2555 1197 or-

537 1239 693 1295 nate
731 1240 797 1293 et
831 1222 1171 1317 eleganter
1204 1223 1463 1316 primus
1504 1224 1918 1292 americanos
1962 1249 2184 1294 mores
2218 1225 2545 1319 depinxit,

536 1323 798 1415 disjecti
855 1320 1159 1389 membra
1217 1334 1433 1412 poetae
1487 1321 1559 1389 in
1626 1321 2002 1390 orationem
2029 1323 2303 1392 ‘inserta
2366 1340 2546 1393 sunt.

535 1421 692 1488 Fuit
741 1416 1133 1512 aliquandiu
1175 1431 1244 1486 et
1296 1416 1557 1510 aliquot
1601 1443 1815 1487 annos
1860 1419 2075 1512 viguit
2123 1419 2234 1489 illa
2275 1447 2556 1490 consue·

541 1516 743 1604 tudo,
793 1540 899 1584 res
935 1512 1098 1584 olim
1145 1514 1626 1603 dissociabiles,
1679 1515 2057 1609 pedestrem
2102 1533 2169 1586 et
2215 1519 2556 1611 poeticum

539 1636 919 1682 sermonem
986 1612 1342 1700 miscendi,
1398 1626 1467 1681 et
1524 1628 1757 1682 nostra
1798 1629 1875 1683 ut
1920 1613 2275 1684 Fenelonis
2316 1631 2551 1706 aetate,

539 1710 728 1805 epica
763 1725 1074 1804 poemata
1116 1711 1364 1804 scripta
1399 1726 1558 1779 sunt
1599 1712 1960 1780 verborum
1998 1714 2453 1782 concinnitate
2488 1729 2561 1782 et

539 1808 1023 1878 sententiarum
1052 1809 1411 1896 suavitate,
1444 1808 1616 1878 citra
1652 1810 1915 1878 numeri
1952 1833 2182 1899 usum,
2207 1836 2434 1880 veram
2471 1811 2558 1894 ad

539 1906 774 2000 poesin
811 1906 1220 1993 accedentia.

1465 2095 1639 2184 §a

639 2300 832 2370 Licet
882 2323 1067 2370 nuuc
1105 2299 1304 2369 nobis
1355 2299 1705 2393 antiquam
1740 2313 1807 2368 et
1851 2321 2097 2368 novam
2134 2298 2560 2395 disciplinam

542 2400 679 2469 sive
709 2414 923 2468 artem
955 2423 1034 2467 ac
1058 2397 1400 2468 scribendi
1424 2398 1787 2485 rationem,
1836 2421 2029 2490 aequo
2053 2398 2281 2466 animo
2310 2401 2561 2468 intueri

543 2511 611 2564 et
645 2494 1096 2588 distinguere:
1133 2493 1345 2563 altera
1376 2493 1651 2587 quidem
1677 2493 2252 2586 pulchritudinem
2291 2496 2565 2589 praecise

544 2592 1077 2679 circumscribit3
1138 2590 1317 2685 apud
1374 2615 1520 2659 eam
1574 2591 1796 2660 vivida
1850 2616 2076 2661 rerum
2132 2593 2561 2663 adumbratio

544 2690 725 2783 viget
756 2704 825 2758 et
870 2688 1087 2782 rigide
1111 2687 1433 2758 delineati
1460 2690 1632 2776 tori3
1673 2691 2064 2759 statuariam
2098 2689 2280 2759 dicas
2315 2707 2556 2780 artem,

543 2787 630 2855 ad
669 2785 979 2855 ultimum
1015 2787 1354 2880 fastigium
1384 2803 1678 2856 evectam
1707 2814 1722 2855 ε
1749 2786 1960 2856 altera
1987 2802 2240 2878 autem,
2270 2789 2565 2882 profite-

546 2899 662 2953 tur
687 2909 782 2971 se,
823 2884 1003 2978 apud
1037 2885 1445 2954 recentiores
1471 2886 1871 2978 praesertim,
1909 2885 1994 2953 ad
2023 2910 2102 2954 ea
2125 2901 2388 2956 tantum
2413 2912 2564 2981 quae

544 2981 755 3050 animi
817 2981 1027 3052 oculis
1073 2998 1445 3054 cernuntur
1498 2996 1837 3076 spectare3
1901 2998 2043 3052 tum
2101 2982 2350 3077 aligera
2395 2986 2564 3054 vatis

546 3103 734 3148 mens
755 3105 958 3174 supra
975 3080 1094 3149 has
1121 3095 1419 3149 terrenas
1444 3080 1675 3149 sordes
1704 3078 2004 3169 tollitur;
2048 3081 2376 3174 imprimis
2410 3083 2562 3151 vin·-

545 3176 721 3264 cula,
762 3202 909 3271 quae
946 3177 1244 3273 jungunt
1294 3179 1661 3248 inanimata
1695 3203 1849 3248 cum
1883 3179 2229 3267 animatis,
2261 3181 2503 3273 quaerit
2537 3207 2553 3249 ε

545 3299 686 3343 uno
734 3277 976 3365 verbo,
1038 3277 1130 3344 ita
1164 3284 1477 3353 πλαστικὴ
1528 3276 1707 3371 apud
1751 3292 2055 3345 veterum
2099 3276 2434 3364 fautoreS,
2486 3293 2564 3347 ut

546 3371 724 3466 apud
758 3389 1023 3442 nostros
1058 3389 1415 3464 novatores
1446 3376 1697 3442 musice
1741 3375 1812 3442 in
1853 3375 2115 3443 honore
2160 3378 2319 3443 est¹.

645 3470 849 3557 Quod
904 3472 1157 3566 optime
1203 3470 1617 3563 intelligetur
1653 3474 1709 3540 si
1753 3472 1989 3540 hortos
2038 3472 2352 3565 respicias
2394 3498 2565 3566 quos

544 3567 882 3664 Anglc'cos
914 3583 1191 3657 vocant,
1227 3584 1293 3637 et
1327 3594 1482 3638 cum
1529 3572 1622 3638 Le
1674 3571 1926 3639 Nostri
1960 3570 2188 3638 hortis·
2215 3570 2559 3660 conferas;

620 3794 634 3822 ¹
674 3794 836 3845 Varie
861 3793 927 3847 de
950 3796 1053 3848 hoc
1071 3796 1203 3848 varii
1225 3796 1580 3850 disseruerunt
1603 3798 1883 3869 scriptores
1910 3819 1923 3852 t
1950 3802 2095 3852 conf.
2131 3799 2199 3852 de
2230 3801 2387 3865 Stael,
2424 3797 2564 3849 Alle-

546 3882 739 3932 magne‚
769 3884 819 3916 v.
850 3868 897 3928 Ι,
928 3868 1007 3918 110
1032 3869 1222 3938 partie,
1241 3869 1328 3921 ch.
1350 3888 1426 3923 1x.
1452 3899 1525 3910 —
1557 3871 1754 3922 Victor
1767 3872 1942 3941 Hug0,
1966 3873 2174 3942 preface
2198 3871 2265 3924 de
2295 3870 2571 3924 Cromwell.

544 3964 614 3974 --
631 3935 825 4003 Spach,
843 3938 1201 4010 Encyclopedie
1223 3939 1308 3991 des
1319 3960 1442 4010 gens
1459 3940 1526 3991 du
1548 3942 1738 4006 monde,
1754 3942 1810 3994 in
1833 3961 1962 3995 voce
1987 3943 2251 4015 Classique.
2278 3972 2346 3982 —
2367 3942 2564 4004 Tissot,

541 4008 882 4057 Dictionnaire
901 4008 1023 4060 dela
1039 4014 1393 4076 conversation,
1407 4012 1463 4063 in
1480 4029 1596 4064 voc.
1622 4013 1866 4087 Classique
1875 4037 1896 4076 ‚·
1924 4018 2262 4086 Romaneique.
2278 4043 2351 4055 —
2366 4013 2398 4063 J
2400 4014 2568 4082 oseph

543 4074 917 4139 Hildebranffl,
951 4083 1044 4129 Die
1070 4081 1296 4133 deutsche
1330 4083 1867 4136 National-Liteeratur
1886 4089 1977 4136 seit
2014 4088 2219 4155 Lessing
2249 4087 2323 4136 bis
2358 4085 2459 4151 auf
2484 4084 2567 4134 die
